3046 5040
555 340 624 400 aa
645 338 866 400 canrosa
883 338 955 402 m.
986 339 988 342 ’
1314 354 1354 422 79

156 513 259 577 modo
279 513 342 576 hoc
363 520 499 588 constet,
515 516 623 592 neque
641 509 813 574 infantiam
834 511 913 585 eius,
929 509 985 593 qui
1006 530 1074 573 rem
1096 508 1190 585 norit,
1206 508 1264 572 sed
1280 529 1355 572 eam

158 616 325 698 explicare
341 615 482 679 dicendo
498 634 564 678 non
580 623 689 696 queat,
702 635 807 696 neque
823 614 1028 677 inscientiam
1045 613 1139 690 illius,
1151 613 1203 676 cui
1220 632 1271 675 res
1287 632 1354 676 non

159 728 323 802 suppetat,
339 720 439 783 verba
453 739 520 782 non
536 717 655 795 desint,
669 703 742 781 esse
761 718 982 795 laudandam3
1005 736 1146 799 quorum
1167 717 1194 778 si
1215 715 1355 779 alterurn

159 824 203 888 sit
232 823 425 904 optandum,
454 819 566 886 malim
600 821 752 904 equidem
786 821 978 884 indisertam
1010 819 1221 903 prudentiam
1255 839 1355 901 quam

131 925 333 1005 5stultitiam
362 925 556 1008 loquacem;
593 925 645 988 sin
674 925 863 1007 quaerimus
893 924 973 1006 quid
1004 943 1107 986 unum
1139 923 1282 986 excellat
1313 943 1356 986 ex
1371 943 1421 990 148

160 1031 323 1105 omnibus
348 1030 449 1093 docto
475 1029 597 1093 oratori
626 1028 738 1112 palma
767 1029 876 1091 danda
902 1036 973 1106 est;
1004 1047 1103 1109 quem
1130 1027 1157 1089 si
1188 1027 1359 1111 patiuntur

160 1135 302 1197 eundem
333 1154 405 1197 esse
432 1132 677 1217 philosophum,
702 1133 833 1197 sublata
859 1133 1082 1197 controversia
1111 1140 1182 1210 est;
1220 1132 1270 1194 sin
1302 1151 1359 1194 eos

160 1239 341 1319 diiungent,
365 1238 428 1300 hoc
455 1246 552 1300 erunt
579 1235 756 1313 inferiores,
778 1237 869 1319 quod
896 1237 929 1298 in
954 1245 1083 1299 oratore
1106 1235 1251 1317 perfecto
1274 1236 1359 1298 inest

161 1342 290 1406 illorum
307 1341 415 1405 omnis
436 1341 583 1418 scientia,
601 1341 634 1403 in
655 1339 928 1424 philosophorum
949 1348 1061 1403 autem
1082 1339 1272 1422 cognitione
1292 1358 1358 1402 non

116 1471 147 1504 ιο
160 1445 318 1509 continuo
342 1445 428 1507 inest
452 1444 661 1527 eloquentia;
694 1464 780 1527 quae
804 1445 956 1526 quamvis
980 1452 1211 1507 contemnatur
1233 1443 1276 1505 ab
1303 1442 1359 1519 eis,

160 1569 293 1614 necesse
322 1557 372 1611 est
401 1559 513 1613 tamen
542 1548 686 1630 aliquem
717 1547 886 1611 cumulum
917 1547 1049 1610 illorum
1078 1546 1205 1611 artibus
1231 1544 1360 1609 adferre

160 1648 328 1716 videatur?
377 1651 471 1715 Haec
492 1672 566 1715 cum
589 1651 726 1716 Crassus
749 1652 897 1726 dixisset,
917 1671 1094 1733 parumper
1113 1662 1148 1715 et
1168 1651 1239 1731 ipse
1255 1650 1360 1713 conti·

161 1757 230 1819 cuit
245 1765 278 1819 et
293 1777 313 1819 a
327 1756 445 1820 ceteris
460 1756 630 1835 silentium
646 1754 717 1818 suit.

205 1861 293 1923 Tum
309 1859 411 1925 Cotta
426 1859 615 1942 ‘equidem’
634 1860 741 1942 inquit
758 1858 902 1937 ‘Crasse
918 1879 985 1922 non
1001 1877 1135 1940 possum
1152 1857 1252 1939 queri,
1268 1857 1357 1939 quod
1372 1856 1424 1922 36

116 1987 146 2047 ³⁵
162 1964 242 2028 mihi
266 1964 399 2027 videare
431 1963 521 2027 aliud
551 1963 711 2046 quiddam
741 1963 775 2026 id
807 1964 896 2045 quod
929 1982 995 2026 non
1025 1962 1216 2044 susceperis,
1247 1961 1358 2044 dispu-
1371 1947 1425 1993 144

162 2079 246 2132 tasse
260 2089 267 2145 ;
290 2067 364 2149 plus
379 2066 469 2130 enim
485 2067 655 2150 aliquanto
670 2066 820 2142 attulisti,
835 2086 935 2149 quam
956 2066 1015 2129 tibi
1034 2075 1105 2129 erat
1125 2065 1323 2129 attributum
1339 2086 1360 2128 a

161 2172 257 2235 nobis
274 2191 312 2234 ac
331 2171 582 2250 denuntiatum3
605 2171 664 2234 sed
688 2180 775 2234 certe
795 2178 832 2233 ut
855 2191 914 2234 eae
932 2179 1042 2253 partes
1059 2168 1189 2233 suerunt
1211 2178 1297 2246 tuae,
1316 2169 1359 2232 de

229 2321 267 2356 10.
284 2307 401 2372 quanms's
413 2321 444 2356 r:
461 2321 614 2372 quamquam
626 2306 688 2356 AH.
848 2317 886 2365 13.
902 2321 919 2354 a
931 2305 1015 2354 ceteris
1027 2319 1043 2354 s·
1053 2305 1086 2356 S:
1104 2304 1190 2354 ceteris
1200 2305 1238 2353 M
1241 2303 1294 2352 KP.

568 2382 606 2436 17.
623 2387 652 2421 ac
662 2371 840 2422 denuntiatum
851 2386 901 2420 om.
913 2371 952 2419 M.

198 2491 218 2529 1.
230 2481 394 2528 infantiam:
409 2493 448 2542 cp.
459 2482 472 2536 5
483 2480 543 2542 198;
557 2479 589 2528 ad
600 2479 661 2529 Her.
669 2480 695 2530 ii.
705 2478 735 2528 16
788 2483 855 2528 ‘non
875 2478 902 2527 id
925 2477 992 2542 quod
1014 2475 1043 2528 s.’
1065 2477 1108 2527 the
1130 2477 1230 2541 vulgate
1250 2476 1361 2540 reading.

162 2547 206 2593 ‘ut
219 2545 293 2592 huius
310 2544 426 2592 infantiae
442 2544 568 2606 garrulam
579 2544 737 2609 disciplinam
787 2545 818 2594 In
835 2545 889 2593 that
906 2559 963 2594 case
980 2549 1004 2592 et
1020 2542 1166 2592 non=‘and
1186 2553 1231 2591 not
1249 2539 1362 2591 rather2’

162 2607 403 2663 contemneremus?
428 2609 462 2658 ad
480 2610 531 2658 Att.
549 2609 581 2660 iv.
598 2611 665 2659 ·18.1
686 2611 737 2660 ‘in·
788 2626 827 2675 cp.
851 2610 867 2660 i.
893 2622 937 2659 102
962 2616 1003 2657 ‘et
1024 2623 1074 2657 non
1096 2606 1218 2657 inrisisse!
1259 2607 1289 2656 In
1312 2607 1362 2655 this

162 2675 398 2726 credibilisiniantia
406 2675 694 2738 accusatorum3'Quiut.
703 2676 736 2725 vi.
788 2691 856 2725 sense
870 2678 913 2724 ‘ac
923 2671 1019 2724 non'is
1030 2689 1098 2722 more
1109 2673 1188 2722 usual
1216 2673 1271 2722 The
1279 2672 1362 2722 whole
1425 2688 1427 2692 ’

165 2754 186 2788 1.
204 2754 243 2801 32,
261 2756 283 2788 v.
303 2753 340 2801 13.
362 2741 400 2801 38.
435 2739 469 2789 So
490 2740 553 2789 both
575 2741 664 2790 Cicero
687 2741 737 2790 and
788 2756 893 2805 passage
911 2744 940 2799 ἐξ
959 2753 1055 2802 53-143
1073 2740 1094 2787 is
1111 2756 1126 2788 a
1142 2738 1280 2802 digression
1297 2753 1329 2787 on
1346 2750 1388 2786 a·

163 2807 249 2870 Quint.
277 2821 320 2855 use
343 2803 457 2855 ‘inians'
479 2805 517 2854 ior
540 2806 685 2871 ‘incapable
711 2805 740 2855 of
788 2807 870 2856 theme
888 2805 969 2869 ‘quod
986 2820 1036 2854 uon
1053 2804 1160 2869 suscepit
1177 2804 1294 2863 Crassus,’
1312 2805 1361 2852 ie.

164 2868 314 2935 speakiugz‘
332 2885 383 2933 eg.
401 2872 470 2920 Brut.
489 2881 528 2934 77,
546 2886 585 2934 90,
604 2885 658 2928 101,
673 2873 736 2920 108:
789 2872 831 2921 the
842 2871 902 2921 need
915 2871 943 2920 of
954 2870 1154 2935 comprehensive
1165 2869 1313 2934 knowledge
1325 2869 1362 2917 ior

165 2937 249 2999 Quint.
268 2936 300 2984 xi.
321 2949 341 2985 1.
361 2949 389 2984 21
412 2937 447 2984 ‘si
469 2937 574 2986 disertus
595 2937 738 3002 imperitum
788 2937 830 2988 the
841 2943 930 2986 orator.

164 3002 239 3066 plane
250 3009 274 3050 et
285 3000 404 3050 infantem
415 3017 441 3051 se
448 2999 536 3051 vocet.’
825 3013 862 3066 17.
891 3004 1097 3061 denuntiatum,
1121 2999 1275 3050 ‘demanded
1297 2999 1362 3048 from

199 3081 220 3117 2.
238 3082 296 3116 non
307 3072 406 3124 queat:
431 3067 518 3117 Cicero
530 3067 670 3118 sometimes
681 3082 738 3116 uses
788 3069 854 3132 you‘
882 3067 912 3116 in
921 3067 988 3131 legal
998 3066 1287 3130 language‘denuntiare
1295 3066 1363 3114 testi·

166 3128 301 3196 ‘nequeat,'
317 3147 391 3181 never
409 3131 551 3196 ‘neque03'
576 3137 640 3182 ‘non
656 3130 738 3199 queo'
789 3132 901 3182 monium
911 3130 1058 3182 alieni’was
1070 3131 1129 3180 used
1139 3131 1226 3180 lor‘to
1237 3131 1286 3181 call
1294 3146 1363 3194 upon

164 3212 250 3247 occurs
260 3197 322 3245 both
333 3196 358 3245 iu
369 3197 469 3261 epistles
480 3198 523 3259 (ad
538 3199 607 3248 Fam.
619 3199 668 3247 xiv.
683 3212 704 3246 1.
714 3211 736 3260 5,
789 3213 858 3247 some
870 3214 917 3247 one
925 3197 964 3245 sor
972 3197 1088 3246 evidence
1097 3194 1118 3246 :'
1135 3212 1174 3261 cp.
1184 3196 1269 3260 Quint.
1276 3213 1299 3244 v.
1312 3206 1334 3259 7.
1346 3210 1362 3259 9

165 3262 198 3312 ad
209 3264 263 3311 Att.
274 3262 290 3311 i.
303 3275 341 3325 19.
354 3276 376 3323 3,
387 3263 420 3310 ix.
434 3275 455 3326 7.
468 3261 502 3325 1),
515 3263 564 3311 and
580 3267 606 3312 in
624 3265 739 3328 speeches
790 3263 923 3328 ‘quoniam
939 3263 990 3311 duo
1006 3277 1095 3326 genera
1117 3268 1173 3310 sunt
1195 3263 1303 3321 testium,
1320 3267 1364 3311 aut

167 3328 203 3392 (in
220 3328 289 3376 Verr.
306 3327 332 3375 ii.
347 3327 401 3388 165,
419 3343 441 3376 v.
457 3341 496 3389 23,
513 3328 546 3377 iv.
564 3330 604 3392 89,
622 3329 679 3380 Mil.
698 3339 738 3393 77,
789 3328 992 3388 voluntariorum,
1004 3335 1047 3376 aut
1060 3342 1145 3376 eorum
1161 3327 1249 3390 quibus
1262 3327 1288 3375 in
1300 3326 1363 3375 iudi-

165 3408 211 3456 pro
222 3392 298 3442 Dom.
309 3405 363 3453 110,
377 3408 423 3457 pro
434 3393 496 3442 Sest.
510 3392 576 3456 154).
790 3394 835 3444 ciis
846 3393 954 3458 publicis
964 3393 1019 3455 lege
1031 3392 1187 3441 denuntiatur
1195 3390 1213 3449 '3
1231 3407 1276 3455 pro
1288 3391 1362 3440 Rosc.

198 3457 223 3507 6.
239 3461 395 3518 patiuntur,
414 3474 447 3507 sc.
466 3456 618 3523 philosophi,
637 3474 665 3508 as
684 3459 738 3509 also
790 3461 848 3509 Am.
875 3471 920 3507 110
945 3458 981 3506 ‘si
1008 3465 1136 3506 accusator
1163 3456 1269 3505 voluerit
1296 3455 1363 3505 testi·

165 3522 568 3587 with‘diiungent'aud‘emut.'
790 3524 901 3574 monium
928 3523 964 3572 eis
991 3521 1149 3582 denuntiare,'
1172 3521 1233 3570 with
1263 3519 1363 3570 Halm's

199 3603 222 3652 9.
234 3603 292 3639 non
309 3591 454 3645 continuo,
468 3592 527 3638 ‘not
537 3587 700 3654 necessarily,'
712 3589 739 3639 ii.
790 3597 856 3640 note.
884 3591 935 3638 ‘Ac
943 3587 1129 3638 denuntiatum’
1140 3587 1162 3635 is
1173 3587 1278 3636 omitted
1289 3587 1314 3635 in
1324 3587 1362 3644 M,

168 3666 222 3719 199·
791 3658 835 3705 but
854 3656 917 3705 need
933 3662 978 3704 not
997 3653 1117 3704 therefore
1134 3653 1166 3702 be
1182 3651 1288 3716 rejected
1302 3651 1364 3700 with

200 3732 238 3767 10.
248 3720 674 3778 quamvisoontsmnaturrAH
677 3719 740 3769 have
791 3721 899 3771 Ellendt.
1434 3735 1436 3739 ’

167 3782 348 3848 ‘quamquam'
367 3785 463 3848 though
490 3784 590 3834 Ellendt
612 3785 673 3834 does
695 3790 740 3833 not
823 3791 856 3834 ut
882 3801 931 3835 sas
956 3791 1060 3845 partes,
1084 3786 1130 3834 &c
1175 3783 1256 3832 There
1283 3782 1306 3830 is
1331 3796 1363 3830 an

167 3858 242 3914 quote
253 3850 303 3899 this
313 3849 377 3899 irom
388 3866 437 3913 any
448 3849 478 3899 oi
489 3850 531 3899 the
542 3849 621 3913 Lagg.
656 3850 739 3900 Fried·
791 3851 958 3906 anacoluthon
969 3852 1040 3900 here:
1058 3849 1201 3900 correlative
1217 3856 1245 3897 to
1258 3844 1315 3907 ‘ut,’
1326 3862 1363 3896 we

165 3913 218 3963 rich
236 3931 356 3979 proposes
373 3924 400 3965 to
418 3915 478 3964 read
494 3918 662 4000 ‘quamquam
680 3932 740 3965 con-
791 3917 882 3966 should
903 3916 966 3965 have
985 3916 1034 3964 had
1056 3916 1107 3964 ‘ita
1126 3930 1200 3964 cum.
1214 3950 1220 3963 .
1232 3949 1238 3962 .
1251 3913 1361 3972 dixisses,

165 3977 321 4040 demnatur;’
352 3981 396 4029 but
417 3983 587 4030 ‘contemnere
619 3982 642 4030 is
666 3981 741 4031 much
791 3983 855 4031 duae
866 3982 912 4030 tibi
923 3980 1032 4046 reliquae
1043 3979 1127 4040 erant,'
1140 3981 1236 4034 ‘butat
1247 3994 1296 4041 any
1304 3985 1363 4036 rate,

166 4047 244 4094 better
255 4046 334 4095 suited
346 4053 373 4094 to
384 4045 427 4095 the
437 4061 514 4095 sense.
790 4048 900 4097 whereas
916 4048 936 4095 it
947 4062 997 4095 was
1013 4062 1075 4108 your
1090 4046 1140 4094 rdle
1153 4052 1180 4094 to
1195 4043 1273 4108 speak
1286 4044 1363 4092 about

202 4123 239 4159 11.
256 4114 438 4160 cumulum..
451 4113 584 4173 adferre,
598 4113 641 4160 ‘to
651 4119 688 4161 set
698 4111 741 4160 the
791 4113 834 4162 the
850 4111 1047 4161 embellishment
1059 4110 1088 4159 oi
1102 4109 1172 4173 style,
1184 4109 1234 4158 and
1250 4124 1299 4171 you
1312 4107 1363 4156 had

167 4191 250 4226 crown
261 4175 345 4240 upon'
791 4177 892 4227 entered
899 4193 965 4241 upon
974 4176 1023 4224 this
1030 4175 1105 4239 topic,
1112 4175 1225 4239 dividing
1231 4174 1274 4223 the
1281 4172 1363 4222 whole

202 4254 239 4302 15.
257 4248 286 4290 at
300 4244 377 4299 quod
389 4255 448 4290 non
461 4245 624 4298 susceperis.
657 4241 741 4304 SoH,
791 4242 929 4292 excellence
944 4241 973 4290 os
986 4240 1048 4302 style
1065 4241 1117 4289 into
1132 4240 1187 4288 sour
1203 4239 1287 4299 heads,
1302 4238 1365 4287 aiter

165 4306 259 4371 rightly
269 4306 390 4356 defended
406 4307 439 4370 by
450 4306 583 4356 Friedrich.
617 4309 741 4368 Ayhave
792 4307 913 4372 speaking
934 4306 1033 4371 rapidly
1055 4306 1105 4354 and
1132 4304 1242 4367 slightly,
1265 4319 1293 4353 as
1314 4319 1365 4367 you

168 4372 251 4435 ‘quod
261 4387 310 4421 nou
321 4372 347 4420 id
359 4370 512 4436 susceperis,’
524 4388 556 4421 an
567 4372 634 4434 early
642 4388 740 4437 corrup·
791 4373 903 4438 yourseli
920 4371 982 4432 said,
1005 4371 1101 4434 though
1123 4385 1172 4433 you
1194 4377 1245 4417 met
1264 4384 1309 4418 our
1327 4384 1364 4417 re·

167 4438 222 4487 tion
240 4437 322 4488 which
344 4437 408 4488 later
427 4437 499 4488 MSS.
516 4437 579 4488 have
600 4438 694 4488 altered
714 4445 741 4488 to
792 4439 949 4504 quirements,
965 4451 1034 4501 upon
1050 4436 1093 4486 the
1109 4435 1162 4486 first
1177 4441 1235 4496 two,
1249 4450 1299 4499 you
1315 4433 1366 4483 had
