3046 5040
223 347 266 426 64
569 349 620 412 M.
646 349 789 411 Turul
810 349 1067 415 crcnxours

158 539 207 586 111
221 519 326 604 possit
348 529 546 584 convertere.
595 520 809 585 Definitionis
832 531 944 585 autem
967 533 1044 587 sunt
1069 523 1327 606 disceptationes
1351 533 1422 602 aut,

221 644 296 689 curn
312 625 490 706 quaeritur,
505 623 586 707 quid
609 625 642 686 in
663 625 830 688 communi
852 635 963 689 mente
981 628 1075 708 quasi
1096 628 1294 709 impressum
1315 628 1369 703 sit,
1384 639 1424 694 ut

221 727 249 789 si
278 728 465 805 disseratur,
492 729 570 792 idne
595 729 639 792 sit
664 729 723 804 ius,
746 729 837 811 quod
861 729 1029 793 maximae
1050 732 1137 813 parti
1160 732 1203 796 sit
1226 731 1327 809 utile;
1351 741 1422 811 aut,

221 850 297 894 cum
315 832 395 912 quid
410 832 566 913 cuiusque
580 832 623 896 sit
637 832 807 914 proprium
827 833 1019 914 exquiritur,
1035 843 1072 897 ut
1088 842 1205 898 ornate
1220 835 1329 899 dicere
1344 855 1422 917 pro·

221 936 372 1016 priumne
381 935 424 999 sit
436 935 574 1000 oratoris
584 956 626 998 an
635 936 668 1000 id
682 936 782 999 etiam
793 934 912 1018 aliquis
924 945 1096 1018 praeterea
1106 939 1213 1002 lacere
1225 939 1339 1020 possit,
1351 948 1422 1017 aut,
1437 964 1453 1014 5

175 1064 178 1073 ·
221 1059 296 1101 cum
319 1059 371 1103 res
394 1039 601 1103 distribuitur
624 1040 656 1102 in
680 1040 792 1123 partis,
816 1048 853 1103 ut
875 1041 902 1103 si
918 1051 1103 1122 quaeratur,
1117 1051 1200 1124 quot
1215 1042 1281 1105 sint
1296 1063 1422 1125 genera

221 1163 330 1206 rerum
346 1144 616 1226 expetendarum,
632 1153 669 1207 ut
690 1144 799 1207 sintne
813 1143 886 1217 tria,
901 1145 1057 1226 corporis,
1072 1145 1175 1209 animi
1191 1155 1421 1210 externarum-

220 1267 285 1328 que
300 1266 417 1321 rerum,
432 1256 498 1323 aut,
514 1267 599 1323 cum,
615 1267 700 1329 quae
716 1246 822 1310 forma
836 1254 871 1310 et
885 1250 978 1329 quasi
994 1248 1151 1312 naturalis
1166 1258 1245 1313 nota
1261 1250 1422 1330 cuiusque

220 1351 273 1429 sit,
291 1352 496 1426 describitur,
518 1360 555 1414 ut
578 1352 605 1413 si
628 1361 803 1433 quaeratur
824 1352 914 1415 avari
937 1353 1070 1435 species,
1093 1354 1250 1430 seditiosi,
1273 1353 1419 1436 gloriosi.

157 1469 206 1516 116
221 1453 470 1520 Consecutionis
493 1464 605 1518 autem
627 1456 694 1519 duo
713 1456 817 1536 prima
840 1457 1070 1538 quaestionum
1088 1477 1210 1540 genera
1229 1466 1467 1540 ponuntur310

220 1578 298 1621 nam
325 1568 384 1623 aut
406 1558 549 1640 simplex
572 1567 623 1621 est
644 1559 852 1640 disceptatio,
874 1569 911 1623 ut
934 1560 960 1623 si
983 1560 1170 1634 disseratur,
1189 1561 1419 1642 expetendane

218 1663 262 1727 sit
276 1662 388 1744 gloria,
403 1673 460 1726 aut
476 1684 519 1726 ex
531 1663 777 1745 comparatione
792 1662 863 1727 laus
878 1683 920 1728 an
937 1663 1072 1728 divitiae
1087 1665 1194 1748 magis
1209 1665 1419 1746 expetendae

219 1766 304 1843 sint3
328 1765 525 1848 simplicium
547 1775 658 1830 autem
678 1775 754 1830 sunt
773 1776 838 1831 tres
861 1768 972 1833 modi:
1005 1769 1048 1832 de
1069 1769 1266 1851 expetendis
1289 1767 1419 1851 fugien⁴

219 1871 312 1935 disve
327 1871 433 1946 rebus,
448 1880 484 1932 ut
505 1871 727 1953 expetendine
745 1870 887 1935 honores
906 1871 981 1948 sint,
999 1891 1079 1935 num
1099 1871 1256 1954 fugienda
1276 1892 1418 1955 pauper-

218 1982 290 2053 tas;
313 1975 356 2038 de
370 1995 477 2056 aequo
492 1985 549 2038 aut
565 1975 687 2057 iniquo,
707 1984 744 2038 ut
763 1996 949 2058 aequumne
966 1975 1008 2040 sit
1028 1975 1139 2041 ulcisci
1162 1975 1295 2039 iniurias
1315 1975 1463 2051 etiam15

217 2080 498 2163 propinquorum
531 2079 573 2143 de
599 2078 743 2143 honesto
767 2087 827 2142 aut
847 2080 948 2162 turpi,
971 2089 1009 2142 ut
1030 2079 1103 2156 hoc,
1128 2079 1215 2142 sitne
1239 2078 1418 2144 honestum

254 2229 276 2267 1.
294 2220 473 2265 convertere:
492 2230 521 2263 so
538 2215 575 2263 M
576 2213 596 2264 ¹:
617 2213 665 2263 M²
683 2215 746 2263 have
766 2231 792 2264 se
874 2230 897 2278 4.
915 2217 1069 2275 proprium,
1093 2214 1151 2264 ‘the
1172 2215 1287 2265 essential
1315 2215 1416 2266 charac-

219 2288 364 2341 converterc,
377 2280 478 2329 inferior
496 2279 567 2329 MSS.
578 2282 694 2329 converti.
729 2280 791 2329 This
840 2280 949 2330 teristic.’

218 2353 303 2396 uenter
323 2362 366 2395 use
388 2347 418 2394 01
431 2343 602 2395 ‘convertere'
622 2345 643 2393 is
662 2361 723 2403 rare,
747 2346 791 2394 bnt
878 2355 899 2408 7.
915 2352 948 2395 ut
966 2349 1061 2395 sintne
1077 2347 1134 2394 tria
1150 2345 1197 2394 has
1212 2345 1286 2395 much
1300 2346 1343 2396 the
1359 2346 1415 2396 best

219 2428 298 2462 seems
314 2411 372 2461 well
390 2411 542 2460 established
559 2411 614 2460 also
630 2411 656 2458 in
670 2411 737 2459 Brut.
751 2413 790 2473 38.
841 2411 982 2475 authorityt
1005 2413 1120 2460 ut2‘as
1139 2411 1179 2459 lor
1200 2410 1338 2462 instance':
1368 2418 1417 2461 aut

220 2491 265 2542 141
280 2479 339 2528 ‘sed
354 2477 404 2527 hoc
419 2477 507 2526 vitium
523 2477 582 2526 huie
598 2477 639 2524 uni
656 2477 682 2524 in
698 2477 790 2525 bonum
841 2477 951 2541 adopted
960 2477 995 2564 by
1005 2476 1060 2525 Pid.
1078 2477 1184 2540 requires
1200 2492 1229 2525 us
1244 2483 1271 2525 to
1282 2493 1309 2525 re
1327 2483 1367 2527 eat
1379 2479 1414 2526 ‘si

219 2541 392 2594 convertebat’
422 2543 558 2608 (vertebat
579 2542 702 2602 Lambin,
722 2542 790 2606 quod
842 2549 978 2606 quaeratur,
1003 2541 1052 2590 and
1074 2541 1159 2590 would
1179 2549 1277 2605 suggest
1323 2548 1349 2591 at
1372 2542 1415 2592 the

218 2609 339 2664 usitatius,
351 2609 394 2658 sed
409 2609 492 2657 minus
502 2605 607 2656 lectum’
623 2605 693 2669 Eli).
728 2607 791 2656 Itis
841 2608 944 2671 enquiry
961 2606 1043 2655 which
1066 2606 1085 2656 it
1105 2606 1245 2656 introduces
1267 2623 1318 2656 was
1335 2608 1366 2657 of
1382 2623 1414 2657 an

219 2677 318 2740 quoted.
335 2675 427 2724 further
449 2675 512 2723 from
531 2673 563 2720 de
586 2673 641 2721 Fat.
664 2685 694 2735 14
714 2673 790 2736 ‘quia

219 2749 274 2790 sunt
294 2739 459 2789 immutabilia
480 2738 570 2787 necin
592 2737 680 2785 salsum
699 2754 713 2786 e
731 2753 790 2786 vero

217 2807 348 2870 praeterita
358 2812 459 2869 possunt
474 2801 644 2860 convertere’;
663 2812 692 2865 17
707 2805 747 2851 ‘ut
763 2802 790 2850 id

218 2887 267 2920 non
285 2871 362 2935 possit
379 2875 519 2918 convertere
536 2869 562 2915 in
580 2867 701 2916 falsum':
719 2884 747 2916 so
764 2868 790 2916 in

219 2941 232 2995 ς
248 2950 278 2984 ao
290 2939 348 2985 ‘nec
358 2950 431 2999 posse
441 2949 526 2983 verum
535 2932 642 2981 futurum
650 2940 790 2982 convertere

217 3001 244 3050 in
255 3001 362 3060 salsum,’
371 3016 400 3049 so
413 3005 425 3058 5
441 3009 480 3062 37.
514 2999 543 3046 In
556 3014 601 3061 pro
612 2998 697 3047 Plane.
708 3013 745 3048 20.
758 3010 789 3059 50

219 3071 285 3115 ‘non
297 3066 384 3115 dubito
396 3065 455 3129 quin
467 3064 547 3112 omnis
561 3063 593 3111 ad
609 3069 633 3111 te
645 3078 790 3113 conversura

216 3131 289 3181 suerit
310 3127 460 3180 multitudo'
482 3129 511 3178 C.
535 3129 564 3177 F.
588 3129 629 3177 W.
652 3128 745 3177 Miiller
767 3129 788 3177 is

217 3197 340 3262 probably
351 3195 417 3259 right
429 3196 454 3243 in
465 3194 567 3258 reading
579 3195 674 3243 ‘omnis
684 3192 719 3242 se'
728 3195 788 3243 with

217 3263 299 3312 Cobet
310 3261 433 3311 Mnemos.
444 3260 515 3320 1862,
526 3276 552 3323 p.
560 3273 614 3321 3²4·
648 3259 678 3307 In
690 3260 787 3308 Lucret.

215 3329 249 3377 iv.
268 3341 316 3390 334
333 3326 424 3374 Muuro
441 3333 539 3390 accepts
555 3322 719 3374 Lachmann’s
736 3341 789 3375 cor·

215 3394 309 3444 rection
322 3393 482 3442 ‘convertitur
499 3391 597 3439 eodem'
608 3391 647 3438 ior
658 3391 789 3440 ‘convertit

216 3455 323 3517 eodem,'
342 3457 385 3507 the
400 3457 497 3522 passive
514 3457 578 3505 form
595 3455 669 3519 being
684 3457 744 3504 used
762 3456 788 3505 in

216 3524 244 3574 11.
265 3537 310 3588 ²95
329 3522 379 3572 and
396 3533 461 3586 317:
479 3523 523 3570 but
539 3523 599 3570 inv.
616 3534 678 3606 rqas
693 3523 788 3584 ‘neque

215 3590 242 3638 in
261 3589 365 3638 fructum
385 3595 524 3637 convertere
546 3586 628 3650 quisse
667 3585 688 3633 is
706 3586 788 3634 undis·

215 3655 299 3719 pnted.
335 3653 429 3702 Sallust
440 3653 485 3700 1111
499 3656 540 3700 ‘se
552 3648 685 3700 convertit'
697 3667 748 3700 acc.
760 3659 788 3700 to

215 3721 258 3769 the
270 3720 324 3768 best
334 3717 407 3767 MSS.
425 3719 450 3765 in
468 3717 523 3766 Cat.
536 3715 559 3765 6.
574 3728 606 3781 73
623 3717 667 3764 but
683 3719 730 3765 ‘ne
740 3716 788 3766 ista

215 3785 288 3834 vobis
304 3784 466 3833 mansuetudo
481 3789 506 3831 et
521 3781 690 3831 misericordia
704 3818 710 3830 .
724 3819 730 3831 .
743 3820 749 3831 .
762 3783 787 3830 in

215 3850 339 3899 miseriam
358 3847 490 3897 convertit’
502 3847 527 3895 in
543 3847 599 3896 Cat.
613 3860 652 3908 51,
667 3855 705 3909 17.
740 3848 787 3911 Cp.

215 3915 272 3979 Jug.
286 3929 324 3963 1ο.
339 3929 369 3974 4:
388 3914 426 3976 85.
439 3928 473 3977 9:
495 3926 549 3962 101.
565 3911 580 3960 6
596 3912 635 3961 for
647 3911 689 3960 the
704 3919 789 3961 neuter

214 3982 289 4030 force.
313 3979 415 4028 Tacitus
425 3979 471 4026 has
482 3977 524 4026 the
535 3993 610 4041 usage
625 3977 696 4026 twice
707 3977 733 4024 in
745 3976 788 4026 the

215 4045 312 4094 Annals
337 4044 383 4109 (iii.
407 4056 447 4106 55,
468 4043 509 4091 xii.
532 4045 581 4104 18).
615 4043 639 4090 11
660 4057 739 4090 seems
760 4050 787 4091 to

215 4111 278 4160 have
290 4111 351 4159 been
363 4125 393 4157 au
405 4109 534 4169 archaism,
544 4109 597 4157 into
604 4106 685 4157 which
698 4107 787 4157 Cicero

214 4191 276 4225 once
288 4191 317 4224 or
328 4174 398 4223 twice
409 4174 515 4238 slipped.
596 4206 600 4214 -

250 4244 320 4289 1.·111
340 4241 483 4290 communi
508 4243 602 4287 mente
628 4241 709 4295 quasi
736 4240 787 4285 im·

214 4321 352 4364 pressum,
364 4303 421 4353 ‘the
433 4303 533 4367 general
545 4305 630 4352 notion
643 4302 786 4364 commonly

214 4369 327 4431 current,'
347 4369 387 4417 sor
404 4370 522 4427 instance,
542 4368 596 4418 that
617 4367 684 4432 right
703 4367 724 4416 is
744 4366 786 4416 the

214 4436 314 4487 interest
326 4436 355 4485 oi
362 4436 404 4484 the
414 4433 539 4497 majority.

841 2672 942 2736 entirely
953 2671 1062 2721 different
1072 2672 1132 2720 kind
1143 2672 1207 2720 from
1219 2672 1261 2720 the
1273 2673 1413 2738 preceding.

841 2737 897 2787 The
914 2738 1073 2801 Peripatetics
1090 2737 1209 2786 admitted
1226 2737 1281 2788 that
1300 2738 1414 2802 physical

841 2803 990 2867 advantages
1017 2803 1067 2851 and
1098 2803 1283 2868 advantageous
1310 2804 1413 2853 circum·

842 2876 936 2918 stances
947 2884 1009 2917 were
1024 2867 1159 2917 desirable:
1175 2867 1219 2916 the
1233 2867 1313 2918 Stoics
1328 2868 1414 2918 would

841 2940 886 2982 not
904 2933 983 2982 admit
1002 2932 1058 2982 that
1079 2933 1200 2997 anything
1220 2949 1272 2984 was
1290 2933 1414 2983 desirable

840 2999 883 3047 but
896 2999 1009 3047 wisdom.
1035 2998 1113 3047 Other
1121 2998 1205 3062 things
1214 3014 1279 3048 were
1287 2997 1413 3062 ἀδιάφορα,

840 3063 936 3127 though
952 3064 1011 3128 they
1021 3064 1128 3112 allowed
1145 3064 1213 3112 them
1230 3070 1258 3112 to
1275 3065 1307 3113 be
1323 3081 1413 3128 προηγ·

838 3128 908 3189 μένα,
918 3126 1010 3190 ἔχοντα
1020 3128 1096 3190 ἀξίαν,
1110 3135 1152 3192 yet
1166 3128 1285 3193 διαφέρειν
1295 3127 1415 3193 λέγουσιν

838 3193 935 3256 αἱρετὸν
957 3193 996 3242 καὶ
1015 3192 1110 3256 ληπτὸν
1125 3230 1132 3244 .
1147 3229 1171 3243 ..
1186 3193 1226 3242 καὶ
1254 3193 1359 3242 καθόλου
1382 3191 1413 3243 τὸ

839 3258 932 3321 ἀγαθὸν
954 3259 999 3308 τοῦ
1020 3258 1090 3321 ἀξίαν
1112 3258 1219 3322 ἔχοντος.
1260 3260 1308 3330 Cp.
1332 3259 1417 3310 Zeller

839 3325 919 3374 Stoics
931 3341 973 3389 pp.
987 3339 1043 3386 232,
1057 3329 1112 3374 281.

872 3391 895 3438 T
897 3407 937 3455 op.
952 3405 990 3438 11.
1003 3392 1034 3451 83
1046 3391 1068 3439 is
1078 3390 1158 3439 worth
1165 3391 1324 3454 comparing:
1341 3393 1413 3440 ‘cum

839 3462 922 3505 autem
934 3455 994 3520 quid
1005 3457 1037 3505 sit
1048 3455 1178 3520 quaeritur,
1187 3457 1257 3505 notio
1265 3456 1413 3520 explicanda

839 3528 876 3570 est
892 3529 916 3570 et
936 3521 1073 3585 proprietas
1092 3528 1116 3569 et
1136 3521 1226 3570 divisio
1246 3527 1271 3570 et
1293 3522 1412 3585 partitio:

837 3585 900 3635 haec
928 3587 993 3634 enirn
1020 3593 1076 3634 sunt
1108 3585 1245 3635 definitioni
1275 3588 1411 3638 attributa:

839 3651 937 3700 additur
946 3652 1021 3699 etiam
1033 3651 1172 3715 descriptio,
1185 3666 1260 3715 quam
1270 3653 1413 3714 χαρακτῆρα

839 3716 928 3765 Graeci
956 3724 1054 3766 vocant.
1096 3716 1175 3765 Notio
1203 3717 1239 3764 sic
1266 3717 1412 3781 quaeritur:

838 3782 901 3830 sitne
912 3782 936 3829 id
950 3797 1064 3845 aequum,
1076 3782 1184 3846 quodsi,
1198 3783 1240 3845 qui
1269 3782 1308 3831 lus
1320 3789 1411 3845 potest,

838 3847 900 3895 utile
916 3855 969 3896 est:
990 3847 1126 3910 proprietas
1138 3848 1188 3896 sic:
1207 3846 1233 3894 in
1251 3798 1413 3897 hominemne

838 3912 919 3960 solum
931 3912 1003 3961 cadat
1014 3928 1045 3960 an
1055 3914 1130 3960 etiam
1138 3913 1163 3960 in
1172 3911 1259 3960 beluas
1268 3913 1413 3976 aegritudo:

838 3976 928 4025 divisio
946 3986 970 4026 et
989 3977 1077 4025 eodem
1093 3983 1168 4040 pacto
1184 3976 1303 4040 partitio:
1331 3978 1413 4027 triaue

837 4057 928 4105 genera
944 4043 1066 4091 bonorum
1082 4043 1146 4091 sint:
1168 4041 1310 4105 descriptio,
1330 4042 1413 4106 qualis

838 4106 869 4155 sit
892 4122 987 4166 avarus,
1010 4106 1091 4170 qualis
1113 4107 1262 4165 adsentator,
1280 4114 1413 4172 ceteraque

837 4173 947 4220 eiusdem
957 4173 1060 4236 generis,
1072 4173 1097 4220 in
1113 4173 1202 4236 quibus
1218 4179 1305 4221 natura
1321 4179 1346 4222 et
1359 4173 1414 4223 wita

838 4235 996 4286 describitur?

873 4315 910 4430 1(o.
927 4305 1020 4432 Dim
1037 4317 1147 4366 genera,
1161 4302 1243 4351 ‘main
1261 4301 1370 4366 classes,'
1385 4303 1412 4353 ii.

836 4378 866 4429 41
892 4374 970 4418 note.
