3046 5040
207 338 249 401 26
564 337 614 400 M.
640 339 781 400 TULLI
803 339 1057 402 CICERONIS

207 509 296 573 Tum
321 508 375 573 ille
398 513 452 575 ‘tu
475 530 563 588 vero,
585 511 675 593 quod
704 511 833 574 monuit
855 511 954 588 idem,
977 520 1014 574 ut
1037 531 1085 586 ea,
1109 531 1195 594 quae
1218 512 1251 574 in
1274 530 1409 594 quoque

206 614 356 676 maxima
371 624 490 692 essent,
505 615 710 678 imitaremur
724 636 731 692 ;
748 637 793 678 ex
809 636 875 697 quo
891 636 1006 679 vereor
1026 636 1068 678 ne
1088 615 1170 678 nihil
1192 617 1255 678 sim
1274 617 1323 679 tui
1345 613 1407 679 nisi

205 717 455 800 supplosionem
471 719 565 800 pedis
582 718 731 781 imitatus
744 729 777 782 et
793 740 900 801 pauca
911 720 1075 801 quaedam
1087 719 1190 782 verba
1201 728 1235 783 et
1251 719 1408 802 aliquem,

205 821 233 882 si
252 820 345 899 sorte,
362 821 508 887 motum?
555 822 667 904 ‘Ergo
683 819 765 900 ista,'
782 823 889 906 inquit
908 823 1046 887 Crassus
1061 827 1069 855 ‘
1082 844 1168 905 quae
1187 823 1291 886 habes
1307 844 1327 886 a
1344 843 1408 900 me,

204 945 273 987 non
289 925 505 1007 reprehendo,
517 946 559 988 ne
572 946 625 988 me
640 928 748 1008 ipsum
764 927 1048 991 inrideam-sunt
1066 938 1178 990 autem
1194 949 1234 990 ea
1250 927 1357 991 multo
1373 936 1408 990 et
1423 957 1437 1006 5

204 1028 300 1109 plura
326 1037 360 1092 et
387 1030 522 1101 maiora,
551 1051 650 1112 quarn
674 1031 887 1112 dicis-quae
909 1038 1022 1094 autem
1045 1040 1122 1093 sunt
1145 1040 1203 1094 tua
1225 1030 1325 1113 plane
1348 1039 1408 1093 aut

204 1131 388 1196 imitatione
410 1155 454 1196 ex
477 1133 588 1215 aliquo
613 1154 779 1217 expressa,
802 1135 844 1197 de
859 1134 910 1197 his
933 1143 977 1208 te,
1000 1134 1027 1197 si
1050 1136 1107 1217 qui
1130 1155 1184 1198 me
1207 1134 1292 1199 forte
1314 1134 1407 1198 locus

141 1244 187 1311 13
204 1236 420 1313 admonuerit,
437 1238 666 1301 commonebo.
711 1237 958 1301 Praetereamus
975 1237 1074 1321 igitur
1092 1247 1270 1321 praecepta
1287 1238 1407 1301 Latine

151 1331 189 1376 4⁸
203 1339 361 1423 loquendi
387 1361 473 1423 quae
495 1341 629 1424 puerilis
652 1342 803 1407 doctrina
832 1342 933 1405 tradit
957 1352 991 1405 et
1015 1343 1168 1407 subtilior
1191 1343 1340 1425 cognitio
1367 1363 1407 1405 ac

203 1445 288 1508 ratio
315 1444 499 1509 litterarum
525 1445 584 1509 alit
608 1454 666 1509 aut
691 1447 897 1509 consuetudo
919 1446 1079 1510 sermonis
1103 1446 1260 1510 cotidiani
1284 1466 1323 1508 ac
1346 1446 1407 1508 do·
1425 1473 1457 1508 10

203 1549 339 1626 mestici,
354 1547 429 1612 libri
442 1547 639 1613 confirmant
654 1559 688 1613 et
704 1549 802 1613 lectio
816 1558 964 1613 veterum
980 1559 1148 1613 oratorum
1165 1558 1198 1613 et
1213 1556 1408 1633 poetarum;

202 1672 311 1734 neque
337 1673 415 1716 vero
440 1653 473 1714 in
497 1652 554 1717 illo
577 1652 682 1716 altero
707 1654 832 1716 diutius
856 1673 1106 1730 commoremur,
1130 1661 1166 1716 ut
1189 1654 1408 1735 disputemus,

202 1757 322 1838 quibus
352 1757 449 1820 rebus
480 1757 618 1840 adsequi
649 1759 821 1840 possimus
849 1766 887 1820 ut
912 1777 959 1834 ea,
983 1778 1068 1840 quae
1092 1759 1250 1833 dicamus,
1276 1756 1408 1820 intelle·

150 1869 339 1943 rogantur:
374 1860 494 1923 Latine
521 1860 644 1924 scilicet
671 1862 822 1937 dicend0,
845 1862 954 1924 verbis
977 1861 1106 1925 usitatis
1128 1881 1167 1925 ac
1191 1860 1325 1942 proprie
1348 1862 1408 1924 de-

203 1964 465 2026 monstrantibus
499 1984 547 2040 ea,
578 1985 662 2045 quae
692 1962 867 2046 significari
898 1985 937 2027 ac
967 1963 1125 2028 declarari
1149 1963 1308 2040 volemus,
1335 1963 1408 2027 sine
1424 1995 1454 2044 15

202 2067 361 2149 ambiguo
385 2067 486 2131 verbo
511 2075 568 2130 aut
599 2087 761 2142 sermone,
793 2087 860 2130 non
891 2069 989 2130 nimis
1020 2066 1120 2150 longa
1154 2067 1409 2130 continuatione

201 2170 386 2247 verborum,
407 2190 474 2233 non
496 2170 594 2233 valde
617 2172 785 2255 productis
807 2171 862 2248 eis,
882 2191 967 2253 quae
989 2170 1215 2233 similitudinis
1238 2190 1338 2234 causa
1361 2190 1409 2238 ex

202 2273 274 2337 aliis
305 2273 403 2336 rebus
430 2273 680 2350 transferuntur,
704 2295 771 2338 non
803 2274 977 2356 discerptis
1007 2275 1188 2351 sententiis,
1212 2294 1280 2336 non
1311 2295 1407 2356 prae-

201 2378 343 2459 posteris
356 2378 570 2460 temporibus
581 2398 647 2440 non
661 2377 805 2441 confusis
822 2378 981 2459 personis,
994 2397 1061 2440 non
1073 2377 1267 2460 perturbato
1279 2378 1405 2443 ordine.

202 2481 293 2563 Quid
310 2480 437 2544 multa?
482 2481 569 2544 Tam
585 2481 690 2545 facilis
709 2491 759 2545 est
778 2491 850 2544 tota
869 2501 929 2557 res,
945 2489 983 2544 ut
1003 2481 1083 2545 mihi
1104 2481 1283 2563 permirum
1304 2501 1407 2565 saepe

200 2584 359 2662 videatur,
378 2605 453 2648 cum
477 2584 642 2648 difficilius
666 2583 884 2668 intellegatur,
905 2585 985 2667 quid
1008 2592 1167 2666 patronus
1185 2583 1266 2647 velit
1284 2584 1407 2664 dicere,
1424 2613 1455 2649 20

236 2742 258 2778 1.
275 2735 330 2777 tum
343 2728 431 2788 illata
439 2744 507 2788 vero,
515 2730 583 2793 quod
587 2729 686 2777 monuit
693 2728 823 2778 Schuetzio
835 2728 897 2777 duee
909 2728 935 2776 Η
949 2729 989 2776 Fr.
1013 2735 1068 2778 tum
1080 2728 1187 2776 illatum
1199 2729 1266 2792 quod
1272 2730 1407 2780 nannuito.

201 2800 256 2843 tum
274 2794 324 2853 ille,
344 2794 424 2857 ‘quid
437 2795 505 2858 quod
522 2794 621 2843 monuit
641 2795 747 2843 Bakium
769 2802 867 2844 secutus
883 2793 920 2842 S:
951 2797 992 2841 ‘tu
1008 2793 1081 2852 vero,'
1096 2794 1183 2858 inquit
1199 2795 1251 2854 ille,
1271 2797 1408 2858 ‘quoniam

201 2859 435 2909 monuit.Lambin.
503 2872 526 2922 5.
536 2865 599 2907 sunt
609 2866 693 2907 autem
705 2875 733 2908 ea
746 2859 789 2907 KS
797 2859 845 2907 Fr:
863 2864 1016 2907 mmautem
1029 2874 1118 2908 mean.
1203 2873 1241 2906 10.
1260 2865 1308 2908 aut
1318 2876 1409 2924 purum

201 2932 267 2973 recte
279 2924 379 2973 inclusit
390 2924 423 2972 K.
504 2937 542 2972 11.
554 2924 617 2972 libri
628 2925 779 2982 confimant
788 2930 813 2973 ct
822 2923 891 2973 lectio
899 2941 924 2970 ω.
957 2922 1088 2987 confirmat
1098 2923 1166 2972 lectio
1178 2924 1237 2975 Em.
1250 2925 1284 2973 K.

201 3055 308 3120 phinum
327 3055 431 3105 similis'
452 3057 478 3106 in
495 3058 569 3120 Verg.
590 3058 654 3105 Aen.
672 3073 694 3106 v.
715 3070 778 3120 594:
860 3070 883 3119 9.
893 3056 1408 3123 cognitiocomtio,‘systemuticstudy.‘

201 3120 252 3170 and
263 3136 303 3169 see
319 3121 411 3170 Muuro
427 3138 459 3171 on
475 3123 547 3172 Lucr.
563 3123 595 3171 iv.
611 3136 680 3170 1211.
716 3122 780 3170 Hor.
862 3135 899 3171 10.
908 3127 966 3181 aut,
979 3119 1084 3176 ‘orelse,¹
1091 3137 1118 3170 as
1125 3122 1198 3170 inthe
1205 3125 1296 3172 caseos
1299 3140 1406 3185 women,

201 3185 253 3235 Sat.
265 3186 290 3235 ii.
305 3200 326 3234 1.
340 3199 355 3247 3
367 3187 387 3236 is
399 3188 452 3236 said
463 3195 490 3237 to
503 3189 533 3236 be
545 3187 587 3236 the
599 3186 658 3251 only
669 3189 780 3237 instauoe
826 3186 884 3236 who
896 3187 1001 3235 baveno
1013 3187 1174 3250 opportunity
1186 3187 1225 3236 ior
1235 3189 1317 3252 study.

203 3251 232 3301 of
238 3251 281 3300 the
292 3252 400 3316 genitive
411 3253 437 3301 in
449 3255 578 3317 Angustan
590 3261 668 3316 poets.
861 3266 899 3314 14.
916 3256 1038 3312 proprie,
1053 3252 1172 3301 ‘without
1184 3268 1232 3316 any
1244 3255 1379 3318 metaphor
1388 3253 1408 3304 :'

235 3320 317 3377 dixit,
330 3318 357 3366 ii.
370 3318 409 3382 89.
827 3322 961 3381 cp.5149.
996 3317 1100 3365 Aristot.
1117 3317 1190 3367 Rhet.
1206 3318 1242 3367 iii.
1256 3333 1278 3367 u.
1293 3333 1304 3366 1
1318 3321 1408 3369 τῶνδὲ

237 3394 259 3431 1.
271 3389 304 3431 tu
314 3397 394 3443 vero,
407 3386 472 3448 ‘yes‚
485 3399 534 3448 you
546 3399 592 3433 can
603 3381 624 3432 :'
641 3383 672 3432 de
684 3382 732 3433 Oli.
742 3382 778 3432 iii.
827 3380 951 3442 ὀνομάτων
967 3380 1006 3429 καὶ
1022 3379 1134 3443 ῥημάτων
1151 3383 1219 3444 σαφῆ
1236 3383 1283 3442 μὲν
1297 3384 1364 3434 ποιεῖ
1377 3385 1410 3433 τὰ

203 3461 235 3512 54
252 3451 358 3512 ‘quaero
374 3465 434 3497 uum
455 3450 482 3499 id
498 3449 587 3498 iniuste
607 3455 651 3497 aut
667 3449 780 3512 improbe
825 3445 896 3509 κύρια
908 3447 960 3512 (the
971 3447 1131 3497 dominantia
1138 3449 1213 3497 verba
1222 3449 1252 3498 oi
1260 3450 1326 3502 Hor.
1335 3452 1369 3501 A.
1379 3453 1407 3500 Ρ.

200 3513 293 3563 iecerit.
328 3513 460 3563 illevero.’
501 3515 562 3563 Vero
576 3515 621 3562 hus
638 3513 780 3576 commonly
827 3526 882 3575 234,
895 3512 973 3576 note).

201 3594 217 3628 a
239 3578 415 3643 confirmatory
434 3579 515 3639 force3
539 3578 597 3629 here
620 3579 640 3626 it
660 3578 681 3627 is
698 3579 781 3628 rather
857 3577 1260 3643 16.oontinuntioue,⁴periodie
1271 3581 1408 3632 structure)

200 3643 341 3694 corrective.
827 3643 897 3692 Orat.
907 3645 937 3705 85
951 3643 1174 3692 ‘continuationem
1185 3646 1318 3694 verborum
1329 3648 1409 3696 modo

237 3722 259 3770 3.
272 3712 492 3770 supplosionem,
507 3713 520 3768 5
536 3723 592 3770 πο,
607 3709 623 3758 i.
638 3722 693 3770 230,
711 3709 779 3757 Brut.
826 3708 919 3758 relaxet
935 3715 960 3758 et
976 3707 1071 3757 dividat
1088 3716 1218 3773 utaturque
1232 3712 1315 3760 verbis
1331 3727 1409 3776 quam

204 3774 251 3839 158
265 3773 369 3838 (quoted
381 3790 413 3823 on
427 3778 439 3832 5
453 3776 505 3837 33).
827 3774 1001 3833 usitatissimis,
1020 3773 1193 3824 tralationibus
1215 3790 1291 3835 quam
1311 3777 1409 3828 mollis·

234 3854 258 3901 4.
270 3843 296 3888 ni
307 3842 388 3899 forte,
403 3836 547 3905 ‘possibly,’
560 3839 580 3887 ri
591 3838 662 3900 τύχοι
677 3840 780 3904 (Muuro
827 3836 910 3887 simis!

202 3920 235 3955 ou
245 3905 317 3954 Lucr.
329 3922 352 3953 v.
367 3906 435 3969 720),
447 3912 498 3965 not,
509 3906 522 3954 I
535 3905 614 3965 think,
627 3922 655 3954 as
666 3904 720 3953 Pid.
730 3905 780 3952 and
864 3914 899 3968 17.
909 3918 979 3961 quae
989 3941 995 3953 .
1006 3908 1240 3964 ‚tramfeuuutun
1249 3907 1410 3971 ‘metaphora

202 3969 256 4020 Sor.
268 3973 276 3997 ‘
283 3971 305 4019 if
314 3971 326 4019 1
335 3986 377 4019 um
386 3969 526 4020 fortunate)
553 3970 600 4033 Cp.
610 3986 656 4035 pro
667 3969 721 4017 Mil.
733 3983 780 4031 104
827 3968 926 4018 derived
934 3968 951 4017 :'
962 3969 1266 4034 productis,‘spun0ut.’
1285 3973 1408 4036 CpOrat.

203 4035 301 4084 ‘hicine
313 4036 350 4084 vir
361 4036 456 4101 patriae
468 4043 540 4084 natus
548 4051 651 4098 usquam
663 4035 688 4083 in
700 4035 781 4118 patria
827 4047 860 4096 94
870 4035 933 4082 ‘iam
943 4050 1000 4083 cum
1008 4034 1175 4084 confluxemnt
1183 4035 1266 4099 plures
1274 4039 1410 4089 continuae

201 4101 326 4157 morietur,
344 4109 395 4162 aut,
413 4100 434 4149 si
454 4101 522 4162 forte,
538 4115 584 4164 pro
601 4100 699 4164 patria?
726 4099 781 4148 :de
827 4099 979 4157 tralatioues,
997 4099 1047 4148 alia
1063 4101 1139 4165 plane
1155 4100 1183 4150 fit
1201 4103 1298 4161 oratio;
1322 4104 1410 4169 itaque

202 4165 252 4215 ΟΕ.
263 4167 288 4214 ii.
302 4177 340 4229 70,
354 4175 400 4216 etc.
827 4179 904 4226 genus
921 4164 970 4212 hoc
989 4163 1079 4215 Graeci
1098 4165 1226 4229 appellant
1243 4167 1408 4232 ᾴλληγορίαν,

236 4244 259 4294 5.
277 4247 317 4292 en,
331 4232 372 4281 i.e.
384 4232 451 4280 what
462 4247 512 4294 you
527 4230 590 4279 have
602 4229 702 4280 derived
717 4230 781 4278 srom
827 4229 927 4276 nomine
949 4237 1020 4288 recte,
1041 4246 1130 4294 genere
1152 4231 1305 4283 melius‘ille
1326 4235 1411 4300 (Aris-

202 4311 250 4344 me.
284 4298 338 4347 The
350 4298 406 4347 MS.
418 4297 520 4360 reading
531 4310 585 4344 mea
595 4295 681 4344 would
692 4294 781 4358 hardly
828 4291 992 4357 toteles)‚qui
1005 4297 1147 4344 istuomnia
1160 4296 1306 4349 tralationes
1317 4299 1410 4351 vocet?

202 4377 301 4426 express
312 4362 368 4411 this,
528 4408 530 4412 ,
827 4357 973 4422 Metaphors
989 4369 1054 4409 must
1066 4368 1111 4411 not
1123 4363 1153 4411 be
1165 4377 1194 4412 so
1206 4364 1329 4416 extended
1341 4383 1371 4419 us
1381 4373 1412 4418 to

236 4438 257 4492 7.
270 4443 412 4488 emissus,
426 4424 547 4490 ‘copied,'
562 4428 574 4485 5
589 4438 627 4487 15.
826 4438 884 4487 pass
894 4424 947 4474 into
959 4424 1077 4490 allegory.
