3046 5040
515 356 585 416 DE
606 355 828 420 ORATORE'
844 357 915 419 III.

1252 373 1313 441 123

117 529 344 594 continuatum
371 536 405 592 et
429 529 648 612 interruptum
672 538 705 592 et
731 528 842 610 imago
867 536 900 592 et
922 527 984 592 sibi
1008 527 1069 610 ipsi
1091 528 1261 610 responsio
1281 536 1314 591 et

116 635 306 697 immutatio
322 642 355 696 et
370 632 532 696 diiunctio
550 641 583 696 et
596 633 678 695 ordo
700 642 734 697 et
754 631 870 696 relatio
888 640 921 696 et
940 631 1100 715 digressio
1123 640 1157 696 et
1177 631 1314 695 circum-

153 823 174 859 ι.
189 813 388 859 continuatum
408 825 486 859 seems
504 817 532 860 to
550 826 646 859 auswer
663 818 690 859 to

118 892 163 925 our
185 875 257 939 rapid
280 875 328 923 and
350 876 477 924 unbroken
500 875 640 924 succession
664 874 694 923 of

117 948 261 990 statements
279 956 308 988 or
324 941 459 1004 questions:
481 957 501 990 e.
508 957 533 1004 g.
550 941 631 1004 ‘quod
648 957 690 989 au·

116 1015 167 1056 tem
185 1013 283 1069 tempus
299 1005 384 1054 veneni
401 1006 495 1055 dandi?
517 1006 563 1054 illo
580 1007 639 1054 diet
666 1006 690 1053 in

118 1071 163 1121 illa
177 1071 330 1134 frequentia?
347 1086 390 1134 per
406 1086 479 1134 quem
496 1086 572 1135 porro
586 1071 691 1119 datum?

117 1138 182 1186 unde
201 1137 345 1200 sumptum?
369 1152 430 1200 quae
453 1153 526 1200 porro
545 1137 691 1199 interceptio

117 1201 221 1267 poculi?
236 1217 334 1250 curnon
343 1201 374 1250 de
383 1202 478 1265 integro
487 1210 570 1251 autem
578 1199 691 1250 datumi'

119 1267 185 1332 (Cic.
194 1282 240 1330 pro
252 1267 349 1316 Cluent.
360 1266 426 1329 167),
439 1267 529 1330 quoted
540 1268 573 1330 by
585 1266 691 1329 Quintil-

118 1333 168 1392 ian,
180 1331 348 1394 immediately
365 1333 447 1381 before
465 1333 507 1382 the
524 1348 628 1396 passage
641 1332 691 1394 just

117 1397 190 1447 cited.
224 1398 266 1446 He
278 1397 340 1445 adds
352 1397 432 1447 ‘hanc
442 1414 523 1446 rerum
534 1398 691 1447 coniunctam

117 1463 283 1512 diversitatem
302 1463 426 1512 Caecilius
443 1461 585 1523 μεταβολήν
604 1461 690 1513 vocat.’

118 1528 172 1578 Pid.
191 1527 310 1576 identifies
328 1528 346 1577 it
363 1529 424 1577 with
441 1530 483 1578 the
498 1529 652 1577 continuatio
666 1528 694 1576 oi

119 1593 151 1642 ad
162 1593 222 1642 Her.
228 1593 262 1642 iv.
269 1602 307 1656 27,
315 1593 396 1642 which
406 1594 427 1642 is
436 1594 522 1643 ‘densa
530 1594 691 1657 frequentatio

117 1659 250 1707 verborum
272 1675 329 1707 cum
356 1659 512 1708 absolutione
540 1657 690 1718 sententiae,'

119 1725 134 1772 i.
140 1739 161 1773 e.
173 1740 188 1772 a
200 1723 374 1788 close-packed
389 1725 484 1788 period,
500 1724 581 1772 which
593 1724 614 1772 is
626 1724 692 1787 quite

118 1804 135 1837 a
156 1789 267 1838 different
289 1789 359 1854 thing
380 1792 444 1838 from
466 1789 533 1838 what
553 1789 691 1853 Quintilian

118 1855 249 1913 describes,
273 1855 369 1918 though
396 1856 416 1905 it
443 1871 501 1919 may
523 1855 554 1904 be
581 1855 648 1903 what
671 1855 692 1902 is

118 1927 202 1968 meant
213 1918 276 1967 here.

151 1989 352 2044 interruptum,
364 1984 406 2035 the
417 1986 532 2050 opposite
549 1986 578 2034 os
586 1986 627 2035 the
638 2001 692 2049 pre-

119 2050 208 2113 ceding
230 2049 322 2114 figure:
351 2050 427 2100 hence
450 2053 470 2100 it
489 2067 535 2101 can
557 2052 617 2115 only
635 2067 693 2114 very

119 2115 296 2179 incompletely
306 2116 456 2180 correspond
471 2124 499 2166 to
515 2117 569 2166 that
586 2118 650 2165 form
667 2116 696 2164 of

119 2180 344 2245 sslf-interruption,
369 2181 427 2230 akin
446 2189 473 2230 to
496 2198 524 2230 or
546 2198 561 2230 a
583 2181 644 2230 kind
666 2181 696 2229 of

118 2243 280 2307 ἀποσιώπησις
309 2250 398 2310 ‘qnam
428 2247 542 2296 nonnulli
572 2249 692 2311 interrup-

118 2312 213 2360 tionem
230 2311 333 2360 vocant’
352 2312 447 2374 (Quint.
465 2313 497 2360 ix.
517 2327 538 2373 a,
553 2313 605 2376 54),
625 2329 651 2361 as
668 2313 693 2360 in

120 2375 228 2440 Vergil's
246 2382 322 2441 ‘quos
340 2378 464 2440 ego—sed
484 2386 566 2427 motos
583 2385 693 2442 praestat

119 2457 267 2505 componere
279 2441 383 2491 fluctus!

152 2511 257 2564 imago:
274 2509 306 2555 ad
318 2508 380 2558 Her.
393 2508 425 2556 iv.
437 2507 467 2556 62
480 2509 537 2557 ‘im
550 2516 586 2558 est
598 2509 692 2558 formae

119 2587 175 2620 cum
198 2572 279 2621 forma
304 2589 361 2622 cum
390 2574 497 2638 quadam
531 2573 692 2623 similitudine

119 2637 239 2697 collatio‚'
251 2639 328 2687 either
342 2639 379 2687 for
395 2639 475 2703 praise
487 2655 516 2688 or
527 2639 624 2689 blame:
641 2656 693 2703 eg.

120 2704 217 2752 ‘inibat
233 2703 258 2750 iu
278 2704 402 2768 proelium
421 2721 524 2769 corpore
544 2706 608 2754 tauri
630 2704 693 2754 vali·

118 2769 221 2828 dissimi,
239 2769 333 2832 impetu
353 2770 432 2819 leonis
454 2771 566 2819 acerrimi
589 2767 693 2819 similis.'

119 2833 143 2882 It
159 2836 180 2882 is
198 2834 240 2882 the
256 2832 324 2881 ειιιόιν
336 2835 365 2883 of
374 2835 415 2884 the
429 2835 512 2884 Greek
524 2836 691 2896 rhetoricians,

116 2898 213 2962 though
230 2908 273 2948 not
290 2899 356 2963 quite
372 2900 397 2948 in
414 2901 456 2949 the
472 2901 571 2964 general
587 2916 655 2950 sense
667 2901 696 2949 of

120 2964 236 3022 ‘simile'
255 2965 335 3013 which
357 2965 411 3014 that
433 2967 503 3014 word
525 2966 591 3015 often
615 2967 691 3015 bears.

119 3030 172 3079 Cic.
190 3030 221 3079 de
237 3029 289 3079 Inv.
310 3031 326 3078 i.
345 3046 377 3092 49
396 3030 487 3080 defines
504 3031 523 3080 it
542 3033 638 3081 ‘oratio
651 3033 693 3081 de·

118 3103 257 3144 monstrans
269 3106 400 3160 corporum
412 3105 453 3146 aut
468 3104 611 3146 naturarum
625 3097 692 3146 simi·

118 3159 265 3210 litudiuem.’

152 3229 208 3273 sibi
229 3231 285 3283 ipsi
311 3230 464 3284 responsio,
493 3225 612 3288 ἀπόφασις
636 3228 692 3277 ‘nbi

119 3291 188 3354 qnasi
200 3291 252 3339 alio
263 3293 434 3355 interrogante,
443 3293 515 3342 nobis
524 3294 584 3358 ipsis
593 3309 692 3356 respon-

118 3357 215 3416 demus,
227 3365 250 3406 et
262 3357 382 3406 rationem
393 3358 528 3407 reddimus'
539 3359 564 3423 (J
567 3359 600 3406 ul.
610 3358 692 3408 Rufin.

120 3419 160 3485 8):
180 3437 201 3471 e.
209 3437 234 3484 g.
252 3422 303 3471 Cic.
317 3439 362 3486 pro
379 3423 440 3473 Sull.
458 3437 488 3486 52
505 3425 537 3472 ‘si
554 3425 597 3488 qui
614 3425 692 3473 furem

118 3486 245 3547 occiderit,
267 3488 355 3537 iniuria
381 3489 506 3538 occiderit.
552 3490 634 3552 Quam
660 3492 692 3539 ob

118 3554 189 3600 rem?
211 3553 278 3614 Quia
295 3554 333 3602 ius
352 3555 513 3603 constitutum
532 3555 629 3603 nullum
648 3563 691 3604 est.

119 3617 187 3679 Quid
204 3618 225 3665 si
242 3634 269 3666 se
285 3618 336 3667 telo
349 3619 503 3669 defenderit?
524 3620 583 3668 Non
595 3621 691 3671 iniuria.

119 3682 187 3746 Quid
199 3683 251 3732 ita?
273 3685 339 3747 Quia
350 3686 508 3734 constitutum
520 3685 571 3734 est.¹

154 3761 175 3796 a.
199 3752 376 3799 immutatio:
410 3749 579 3814 ‘metonymy'
608 3751 632 3798 in
661 3751 692 3801 its

118 3813 205 3862 widest
227 3830 311 3864 sense:
340 3831 378 3879 cp.
404 3821 416 3876 ξ
442 3815 503 3878 1673
538 3816 692 3876 Volkmann,

118 3893 143 3943 P·
156 3893 212 3940 423·

152 3948 309 3994 diiunctio:
326 3945 356 3994 ad
370 3946 431 3995 Her.
445 3947 476 3994 iv.
492 3956 523 4009 37
536 3947 575 3995 ‘d.
587 3955 624 3996 est
635 3962 692 3996 curn

118 4025 205 4059 eorum
223 4011 253 4059 de
271 4012 360 4074 quibus
378 4012 482 4061 dicimus
500 4019 543 4060 aut
562 4022 692 4076 utrumque

119 4082 241 4124 autunum
250 4076 692 4140 quodquecertoconcluditurverbo:'

118 4156 172 4204 eg.
185 4145 225 4204 ‘p.
244 4141 274 4189 R.
293 4142 455 4190 Numantiam
472 4142 570 4202 delevit,
589 4143 692 4192 Cartha·

119 4205 692 4271 ginemsustulit,Corinthumdiiecit,Fregellas

119 4269 221 4321 evertit’
256 4272 323 4321 Here
339 4273 400 4322 each
418 4272 518 4322 distinct
537 4275 693 4338 proposition

119 4336 164 4384 has
180 4337 212 4385 its
229 4338 386 4401 appropriate
402 4339 478 4388 word.
512 4339 574 4388 This
589 4341 611 4387 is
626 4339 694 4388 what

119 4401 216 4465 Kayser
228 4404 271 4466 (ad
283 4403 337 4466 ke.)
351 4403 442 4464 thinks,
451 4403 511 4452 with
522 4412 592 4468 great
602 4404 692 4468 proba·

119 4468 198 4532 bility,
218 4468 239 4517 is
255 4476 339 4518 meant
355 4468 446 4532 hythe
463 4470 551 4533 phrase
563 4473 569 4495 ‘
579 4469 647 4534 quod
661 4469 693 4519 de

741 808 845 873 singulis
861 809 933 858 rebus
946 809 1080 874 propositis
1096 808 1198 858 ductum
1215 809 1316 857 refertur

741 875 773 923 ad
790 871 913 938 siugula’:
933 875 963 923 he
980 875 1102 923 identifies
1120 874 1179 924 both
1197 872 1257 922 with
1273 873 1315 922 the

741 937 909 1001 διεζευγμένον
937 955 965 988 or
992 939 1147 988 disiumtum
1175 939 1204 987 of
1229 938 1315 1002 aquit.

742 1005 816 1053 Rom.
828 1005 854 1053 ii.
871 1019 902 1053 ao
915 1007 940 1068 (5
952 1004 1007 1068 43):
1026 1005 1098 1054 ‘haec
1109 1004 1186 1067 figura
1198 1005 1232 1052 ita
1245 1011 1315 1053 ornat

741 1078 766 1119 et
783 1070 920 1133 amplificat
937 1071 1081 1128 orationem,
1099 1078 1126 1119 ut
1142 1070 1245 1118 diversis
1261 1069 1315 1118 red-

742 1135 877 1184 ditionibus
898 1137 1029 1185 verborum
1052 1136 1170 1194 membra,
1190 1150 1254 1198 quae
1272 1151 1315 1182 vo·

741 1215 827 1250 camus
848 1201 924 1259 κῶλα,
944 1201 1069 1263 disiungat
1086 1217 1116 1249 ac
1139 1207 1242 1264 separet,
1264 1200 1315 1248 sive

742 1266 800 1324 duo,
825 1267 876 1314 sive
902 1267 980 1330 plura,
1006 1266 1055 1315 hoc
1082 1265 1172 1314 modo:
1201 1265 1315 1328 Capuam

742 1331 837 1380 colonis
864 1331 976 1381 deductis
1004 1333 1173 1394 occupabunt:
1204 1329 1315 1379 Atellam

742 1397 865 1460 praesidio
874 1397 1052 1455 communient;
1070 1397 1213 1455 Nuceriam,
1222 1396 1316 1444 Cumas

742 1462 898 1511 multitudine
920 1477 1020 1510 suorum
1043 1461 1205 1511 obtinebunt:
1235 1469 1316 1510 cetera

742 1527 836 1591 oppida
848 1527 976 1590 praesidiis
986 1524 1140 1577 devincient.'
1163 1525 1315 1586 Volkmann,

742 1607 766 1655 p.
779 1594 835 1655 478.
863 1593 925 1640 This
937 1593 958 1641 is
973 1600 1017 1641 not
1031 1592 1073 1641 the
1088 1608 1157 1641 same
1173 1608 1201 1640 as
1214 1592 1255 1640 the
1266 1591 1315 1638 dis-

742 1658 838 1706 iunctio
854 1658 883 1706 of
898 1659 983 1721 Quint.
1000 1658 1033 1706 ix.
1051 1671 1074 1718 3,
1090 1671 1131 1720 45,
1149 1657 1229 1706 which
1246 1657 1267 1706 is
1283 1672 1315 1705 an

742 1722 922 1772 accumulation
934 1723 964 1771 of
971 1738 1110 1786 synonyme.
1253 1769 1257 1774 .

774 1792 853 1848 ordo,
870 1788 1016 1852 apparently
1028 1804 1058 1836 an
1075 1787 1185 1838 effective
1202 1803 1315 1851 arrange·

742 1860 809 1902 ment
832 1854 862 1901 of
880 1854 960 1902 words
985 1858 1029 1902 ‘ne
1051 1853 1175 1902 decrescat
1193 1855 1272 1903 oratio
1291 1862 1316 1902 et

743 1918 836 1967 fortiori
854 1919 1015 1982 subiungatur
1032 1919 1126 1983 aliquid
1144 1919 1271 1978 infirmius
1288 1926 1316 1967 ut

742 1984 863 2047 sacrilego
875 1984 922 2043 fur,
933 1992 976 2032 aut
988 1984 1077 2032 latroni
1089 1985 1213 2049 petulans:
1232 1984 1316 2048 augeri

743 2051 809 2098 enim
837 2050 927 2098 debent
954 2051 1088 2098 sententiae
1116 2057 1141 2098 et
1168 2046 1316 2099 increscere’

745 2115 840 2179 (Quint.
858 2115 889 2163 ix.
904 2129 928 2177 4,
946 2116 997 2178 23).
1032 2115 1095 2163 This
1112 2115 1195 2164 differs
1214 2114 1316 2179 slightly

743 2181 806 2228 from
823 2180 864 2230 me
881 2178 946 2241 τάξις
963 2180 991 2229 oi
1006 2180 1114 2229 Rutilius
1130 2181 1222 2244 Lupus,
1238 2181 1263 2229 ii.
1278 2194 1315 2236 ao,

743 2245 824 2294 where
833 2246 953 2294 clearness
961 2247 982 2294 is
992 2245 1111 2309 specially
1119 2247 1200 2294 aimed
1210 2255 1242 2295 at.
1268 2246 1316 2294 But

743 2326 781 2374 cp.
794 2312 878 2372 Quint.
891 2311 923 2358 ix.
936 2324 957 2372 3,
969 2325 1002 2374 90
1014 2314 1020 2336 ‘
1031 2312 1067 2359 M.
1080 2311 1178 2360 Tullius
1187 2311 1279 2360 multas
1291 2311 1317 2358 in

743 2377 815 2424 tertio
837 2376 868 2424 de
886 2377 991 2425 Oratore
1011 2376 1076 2425 libro
1095 2377 1185 2440 posuit,
1207 2392 1269 2440 quas
1290 2376 1316 2424 in

744 2441 848 2490 Oratore
858 2449 946 2505 postea
956 2442 1047 2505 scripto
1062 2442 1208 2491 transeundo
1221 2442 1317 2489 videtur

744 2506 796 2570 ipse
807 2507 937 2556 damnasse
949 2543 954 2555 .
968 2543 974 2557 .
988 2545 994 2556 .
1007 2522 1110 2570 quarum
1127 2523 1184 2570 pars
1195 2515 1240 2567 est,
1253 2521 1316 2570 quae

743 2573 917 2621 sententiarum
935 2573 1108 2636 potiusquam
1127 2573 1258 2621 verborum
1276 2572 1315 2630 sit,

744 2644 771 2686 ut
787 2638 941 2698 imminutio,
968 2638 1136 2702 improvisum,
1157 2637 1250 2701 imago,
1268 2637 1315 2685 sibi

744 2703 792 2766 ipsi
810 2704 944 2766 responsio,
963 2703 1091 2766 digressio,
1108 2703 1243 2766 permissio,
1258 2718 1315 2751 con·

743 2768 845 2816 trarium
857 2766 915 2832 (hoc
924 2768 990 2817 enim
1002 2776 1062 2832 puto
1071 2768 1137 2831 quod
1149 2768 1238 2816 dicitur
1249 2765 1315 2815 ἕνον-

743 2831 845 2895 rubrus),
873 2842 972 2898 sumpta
999 2850 1030 2882 ex
1057 2834 1160 2882 adverso
1188 2834 1316 2898 probatio:

744 2899 865 2962 quaedam
883 2900 985 2948 omnino
1002 2914 1050 2948 non
1069 2905 1124 2948 sunt
1141 2898 1240 2962 figurae,
1253 2900 1316 2948 sicut

744 2964 814 3019 ordo,
837 2964 1009 3020 dinumeratio,
1035 2965 1236 3028 circumscriptio,
1265 2965 1316 3013 sive

743 3029 792 3078 hoc
825 3030 926 3079 nomine
958 3029 1110 3094 significatur
1139 3029 1317 3095 comprehensa

743 3094 847 3144 breviter
854 3096 981 3155 sententia,
993 3096 1044 3144 sive
1055 3095 1142 3144 finitio.

776 3163 892 3209 relatio:
921 3176 962 3225 cp.
988 3161 1072 3224 Quint.
1098 3161 1119 3210 l.
1129 3177 1151 3210 c.
1179 3171 1211 3224 97
1238 3161 1315 3209 ‘rela-

743 3226 836 3275 tionem
868 3225 925 3289 quid
956 3226 1036 3289 accipi
1064 3226 1131 3285 velit,
1160 3241 1210 3274 non
1238 3224 1316 3290 liquet

743 3291 819 3339 mihi:
837 3306 895 3339 nam
906 3290 928 3339 si
942 3291 1075 3338 ἀνάκλασιν
1092 3299 1135 3339 aut
1147 3289 1262 3338 ἐπάνοδον
1273 3298 1316 3340 aut

742 3353 938 3416 ἀντιμετσβολήν
969 3356 1035 3414 dicit,
1068 3355 1099 3405 de
1133 3357 1247 3405 omuibus
1277 3355 1316 3405 his

743 3422 821 3471 locuti
833 3420 932 3481 sumus‚‘
944 3421 983 3469 i.e.
996 3438 1023 3470 as
1034 3419 1210 3470 ἀντανάιιλασις
1223 3422 1248 3485 (ξ
1261 3419 1314 3482 68),

743 3487 845 3543 reditus,
857 3503 886 3534 or
901 3487 1018 3550 regressio
1031 3490 1055 3547 (ξ
1070 3487 1121 3549 35),
1135 3487 1183 3535 and
1194 3487 1317 3536 conversio

744 3555 770 3613 (§
783 3551 833 3614 85).
868 3553 891 3601 It
909 3568 987 3601 seems
1007 3552 1099 3601 useless
1117 3558 1144 3600 to
1163 3560 1267 3615 attempt
1288 3561 1316 3600 to

742 3619 841 3682 explain
859 3633 873 3666 a
890 3627 952 3667 term
967 3616 1049 3666 which
1065 3617 1167 3681 puzzled
1178 3617 1316 3681 Quintilian

742 3683 792 3733 and
818 3682 900 3732 which
928 3683 1017 3733 Cicero
1043 3682 1146 3731 himself
1170 3682 1317 3732 withdrew:

743 3749 835 3811 Aquila
852 3748 925 3798 Rom.
940 3755 952 3808 ξ
966 3761 998 3810 34
1012 3748 1124 3812 explains
1135 3746 1272 3809 ἐπαναφορά
1283 3749 1316 3811 by

743 3815 858 3863 relatum.
893 3814 916 3862 lt
927 3814 972 3862 has
984 3817 1044 3862 been
1059 3814 1189 3877 suggested
1202 3813 1255 3862 that
1267 3814 1316 3863 this

742 3880 823 3943 might
841 3880 870 3927 be
888 3877 987 3940 ζεῦγμα,
1005 3880 1029 3927 in
1047 3879 1088 3928 the
1105 3894 1173 3928 sense
1191 3880 1220 3926 of
1233 3880 1315 3943 ‘quod

742 3946 842 3994 refertur
854 3945 886 3992 ad
897 3942 1008 4008 singula’
1020 3945 1107 3993 above.

775 4013 920 4068 maesnio,
928 4010 996 4073 quite
1004 4025 1049 4058 our
1061 4010 1098 4057 ‘d'
1130 4007 1227 4070 ession,’
1237 4009 1315 4072 Quin·

742 4073 835 4124 tilian’s
855 4090 972 4124 aversum
993 4075 1037 4134 tiv.
1057 4089 1078 4134 1,
1097 4025 1152 4135 {ik
1181 4073 1316 4134 μετάβασις

743 4141 791 4190 and
806 4140 946 4202 ἀποστροφή
957 4141 1041 4204 nearly
1052 4141 1208 4203 correspond.
1236 4139 1315 4189 Volk-

742 4222 824 4265 mann,
836 4222 861 4270 p.
875 4220 930 4268 ιςοο.

775 4274 1006 4331 circumscriptio,
1029 4270 1152 4334 probably
1172 4271 1314 4335 ‘periphra-

742 4336 804 4386 sis':
832 4353 871 4400 cp.
890 4336 922 4384 ad
944 4337 1004 4384 Her.
1026 4337 1058 4385 iv.
1078 4350 1109 4398 43
1130 4336 1258 4385 ‘circuitio
1280 4346 1315 4386 est

742 4403 821 4451 oratio
838 4417 890 4450 rem
907 4401 1047 4465 simplicem
1064 4402 1195 4466 adsumpta
1213 4402 1315 4451 circum-

741 4468 849 4518 scribens
856 4465 1015 4516 elocutione!
1049 4468 1078 4515 ln
1094 4467 1159 4517 Part.
1171 4466 1240 4516 Orat.
1255 4480 1284 4531 19
1295 4469 1315 4517 it
