3046 5040
184 353 227 420 94

532 337 583 398 M.
610 336 754 396 TULLI
774 335 1028 400 CICERONIS

183 508 357 591 saxifragis
382 507 516 586 undis3’
555 528 663 591 neque
688 506 895 588 translatum,
918 517 955 573 ut
978 508 1143 575 ‘mollitur
1164 507 1295 585 mare3'
1323 510 1382 574 sed

184 614 322 676 ornandi
338 633 436 677 causa
451 612 620 697 proprium
636 612 772 695 proprio
788 622 1048 678 commutatum:

226 718 348 789 desine,
373 717 491 794 Roma,
513 724 589 780 tuos
611 715 716 779 hostis

184 814 219 867 et
228 899 331 954 testes
353 898 430 953 sunt
452 889 560 973 campi
585 889 697 971 magni
713 933 797 954 .....

186 993 303 1057 Gravis
318 1005 369 1059 est
385 995 504 1056 modus
521 993 554 1055 in
570 1003 688 1055 ornatu
700 992 856 1056 orationis
872 1001 906 1057 et
921 1013 1020 1077 saepe
1035 995 1214 1058 sumendus
1227 1016 1234 1073 ;
1256 1016 1302 1058 ex
1317 1014 1385 1077 quo

184 1117 303 1178 genere
325 1097 407 1161 haec
430 1106 516 1174 sunt,
540 1097 683 1161 Martem
707 1094 785 1160 belli

809 1117 879 1160 esse
902 1117 1121 1176 communem,
1145 1098 1300 1163 Cererem
1322 1118 1384 1181 pro

184 1202 340 1284 frugibus,
374 1201 532 1265 Liberum
562 1199 729 1284 appellare
759 1220 820 1282 pro
849 1200 935 1278 vino,
966 1201 1163 1285 Neptunum
1194 1223 1256 1285 pro
1291 1203 1383 1278 mari,

185 1305 309 1369 curiam
331 1326 391 1389 pro
412 1313 537 1382 senatu,
552 1324 707 1387 campum
730 1324 792 1387 pro

118 1421 172 1466 168
185 1428 223 1473 ac
246 1409 312 1472 tela
335 1429 395 1490 pro
417 1408 526 1484 bello;
556 1429 623 1490 quo
645 1409 726 1470 item
746 1407 779 1469 in
801 1428 921 1491 genere
943 1419 976 1472 et
999 1409 1139 1473 virtutes
1161 1419 1195 1473 et
1217 1410 1298 1473 vitia
1324 1429 1385 1492 pro
1399 1429 1428 1465 10

185 1513 273 1595 ipsis,
288 1513 321 1575 in
342 1511 462 1594 quibus
482 1511 538 1574 illa
558 1521 643 1588 sunt,
659 1509 868 1593 appellantur
884 1510 1048 1576 ‘luxuries
1069 1533 1170 1595 quam
1191 1512 1225 1575 in
1245 1513 1385 1577 domum

186 1612 326 1699 inrupit,'
349 1625 383 1680 et
403 1620 486 1698 ‘quo
510 1615 647 1679 avaritia
671 1610 893 1697 penetravit3’
919 1625 978 1679 aut
1001 1614 1103 1679 ‘fides
1125 1615 1238 1693 valuit,
1259 1616 1387 1680 iustitia

185 1716 344 1784 confecit.'
391 1718 522 1783 Videtis
546 1717 695 1800 profecto
718 1737 823 1800 genus
847 1717 911 1781 hoc
934 1728 1053 1796 totum,
1077 1739 1152 1782 cum
1177 1719 1303 1784 inflexo
1324 1721 1386 1783 im-

186 1832 380 1904 mutatoque
391 1823 493 1885 verbo
507 1843 558 1885 res
569 1822 686 1885 eadem
704 1821 894 1884 enuntiatur
909 1823 1070 1897 ornatius3
1086 1823 1137 1886 cui
1154 1833 1231 1887 sunt
1245 1822 1386 1889 finitima

185 1927 241 1991 illa
274 1927 381 1988 minus
416 1936 540 2004 ornata,
571 1926 628 1988 sed
659 1935 773 1988 tamen
807 1945 873 1988 non
908 1925 1099 2008 ignoranda,
1128 1946 1203 1990 cum
1238 1927 1385 2011 intellegi
1401 1946 1427 1996 15

812 1305 963 1383 comitiis,
978 1314 1091 1389 togam
1107 1327 1167 1390 pro
1184 1326 1276 1389 pace,
1291 1325 1385 1370 arma

398 2057 437 2106 13.
454 2044 634 2109 immutatoque
644 2044 704 2093 ΑΗ
711 2042 752 2092 Str
763 2042 790 2090 H
803 2044 844 2092 Fr.
877 2050 1072 2109 commutataque
1084 2045 1177 2109 svulg.

184 2145 222 2194 for
230 2143 312 2208 stucti
324 2141 455 2192 Pacuvius'
469 2142 570 2207 Chryse,
583 2144 692 2191 ‘interea
708 2140 759 2190 loci

184 2210 251 2259 tincti
262 2209 418 2296 flaccescunt,
431 2208 546 2258 silescunt
558 2209 630 2267 venti,
645 2207 759 2257 mollitur

183 2291 259 2325 mare.

217 2355 239 2403 3.
252 2343 341 2388 Roma
353 2340 390 2388 for
397 2340 510 2388 Romani
517 2340 549 2403 by
557 2355 588 2387 an
597 2339 676 2388 idiom
685 2337 759 2386 much

183 2407 232 2457 less
243 2421 359 2455 common
370 2407 395 2453 in
406 2406 486 2464 Latin,
500 2403 633 2469 especially
641 2405 667 2452 in
679 2419 759 2468 prose,

184 2473 244 2522 than
262 2473 287 2519 in
305 2471 418 2534 English.
452 2471 498 2534 Cp.
510 2471 541 2519 de
553 2471 608 2518 Fin.
620 2471 646 2519 ii.
660 2483 698 2531 32,
714 2468 760 2517 106

184 2541 281 2602 ‘itaque
296 2538 393 2586 beatior
404 2535 534 2585 Africanus
549 2551 605 2585 cum
620 2537 700 2599 patria
714 2534 760 2583 illo

184 2604 261 2652 modo
277 2603 380 2667 loquens
391 2619 396 2650 :
414 2602 497 2650 desine
508 2603 589 2650 Roma
603 2606 658 2649 tuos
669 2601 760 2649 hostes:

184 2669 327 2732 reliquaque
352 2668 492 2731 praeclare:
521 2683 582 2715 nam
607 2667 656 2715 tibi
676 2665 761 2713 muni·

184 2741 268 2783 menta
277 2734 327 2781 mci
331 2739 446 2796 peperere
456 2733 562 2781 labores:
581 2731 709 2780 laboribus
720 2730 761 2778 hic

183 2799 320 2864 praeteritis
328 2796 435 2862 gaudet?
465 2798 520 2846 The
531 2813 634 2861 passage
644 2811 722 2845 seems
734 2801 761 2843 to

183 2866 214 2913 be
226 2865 289 2913 from
301 2865 342 2912 the
354 2863 421 2911 third
434 2863 501 2911 book
513 2863 542 2910 of
551 2860 651 2910 Ennius'
662 2861 760 2920 Satires,

184 2929 285 2979 entitled
304 2926 418 2992 ‘Scipi0,'
436 2944 474 2991 cp.
493 2928 522 2974 L.
540 2927 640 2986 Miller,
659 2925 760 2984 Ennius,

185 3011 210 3059 p.
225 2996 279 3042 108.
303 2994 358 3041 The
369 3001 426 3041 next
438 2994 459 3039 is
470 2993 533 3041 from
546 2993 588 3041 the
600 3008 666 3041 same
678 2992 760 3040 book:

184 3060 234 3108 and
246 3059 275 3106 L.
287 3058 388 3117 Miiller,
398 3059 449 3117 l.c.,
459 3059 492 3121 by
501 3058 647 3122 comparing
655 3057 681 3104 N
682 3056 760 3116 onius,

185 3142 210 3190 p.
217 3123 256 3187 66,
264 3130 426 3174 reconstructs
432 3123 474 3172 the
483 3139 588 3188 passage
596 3123 663 3172 thus:
673 3124 762 3171 ‘testes

185 3199 241 3240 sunt
248 3190 331 3253 campi
339 3192 422 3252 magni
431 3189 515 3238 virtuti
523 3189 596 3247 meai,
604 3189 607 3254 1
616 3189 661 3236 lati
669 3187 760 3251 campi,

185 3271 249 3321 quos
259 3255 323 3317 gerit
335 3255 419 3303 Africa
430 3263 494 3303 terra
505 3253 613 3317 politos’
644 3253 699 3302 The
710 3269 760 3301 me·

186 3329 289 3384 tonymy
311 3321 368 3370 here
387 3321 490 3370 consists
509 3321 534 3368 iu
552 3321 594 3369 the
614 3336 656 3367 use
676 3319 705 3367 ol
719 3318 761 3366 the

185 3385 331 3450 descriptive
346 3394 408 3434 term
427 3385 457 3432 τὰ
474 3384 570 3447 μέγαλα
587 3382 655 3432 πεδία
674 3381 762 3431 καλού-

185 3470 248 3514 μενα
268 3453 297 3500 of
316 3452 442 3514 Polybius,
460 3451 508 3499 xiv.
534 3460 555 3514 7,
574 3450 656 3498 where
675 3449 762 3512 Scipio

185 3518 298 3568 defeated
310 3517 409 3580 Syphax
417 3517 467 3564 and
476 3515 620 3565 Hasdrubal
630 3516 695 3578 (Liv.
704 3531 761 3563 mcx.

185 3583 212 3647 8)
225 3584 264 3632 for
274 3584 338 3632 their
348 3597 438 3646 proper
448 3598 527 3631 name.

221 3646 762 3712 7.Martembelli‚anextremelycommou

185 3722 329 3776 metonymy
343 3713 405 3762 both
422 3713 448 3762 in
464 3728 536 3776 prose
554 3713 603 3760 and
619 3712 645 3759 in
660 3718 761 3776 poetry:

185 3796 224 3844 cp.
237 3779 269 3827 ad
281 3779 351 3826 Fam.
359 3779 391 3826 vi.
401 3794 424 3840 4,
437 3792 447 3826 1
462 3785 529 3828 ‘cum
541 3777 611 3825 annis
622 3777 682 3826 belli
694 3777 763 3824 Mars

187 3844 325 3896 communis
345 3851 442 3893 etcum
461 3859 558 3906 semper
577 3843 663 3891 incerti
681 3842 762 3890 exitus

187 3910 340 3975 proeliorum
348 3909 430 3968 sunt’;
448 3925 494 3973 pro
503 3908 600 3957 Sesars
611 3906 723 3956 ‘homini
735 3943 741 3955 .
754 3942 761 3956 .

185 3975 289 4024 nimium
302 3990 457 4024 communem
473 3976 581 4023 Martem
592 3972 653 4021 belli
667 3988 761 4022 casum-

186 4057 235 4106 que
247 4037 381 4097 metuenti,'
393 4046 440 4089 etc.
474 4040 529 4088 The
540 4039 620 4102 origin
632 4039 661 4087 of
668 4039 710 4087 the
721 4054 762 4086 ex·

185 4107 295 4171 pressiori
307 4106 328 4154 is
340 4105 417 4154 Hom.
430 4105 461 4155 11.
474 4105 541 4153 xviii.
554 4117 602 4168 309
616 4102 685 4166 ξυνὸς
696 4102 761 4150 Ἐνν-

185 4170 259 4230 ἀλιος,
273 4169 312 4218 uni
322 4188 350 4218 τε
362 4169 495 4218 κτανεόντα
505 4169 618 4219 κατέκτα.

219 4240 363 4286 cererem:
376 4253 415 4301 cp.
422 4237 452 4286 de
461 4237 519 4285 Nat.
529 4237 561 4284 D.
569 4235 595 4285 ii.
605 4249 617 4282 a
621 4248 642 4296 3.
651 4233 698 4284 60‘
704 4249 761 4283 cum

185 4302 265 4366 fruges
277 4302 391 4351 Cererem
404 4302 570 4366 appellamus,
581 4300 666 4349 vinum
677 4305 761 4349 autem

185 4368 311 4427 Liberum,
320 4383 350 4416 ex
361 4381 411 4432 qno
422 4367 485 4416 illud
494 4367 603 4416 Terentii
616 4367 688 4430 (Eun.
700 4377 745 4431 732

184 4435 237 4483 siue
248 4433 336 4484 Cerere
346 4441 371 4484 et
382 4433 473 4483 Libero
483 4432 557 4497 friget
568 4429 667 4482 Venus!

810 2143 864 2266 §2⁸
877 2146 1104 2200 appellare=‘to
1116 2160 1159 2194 use
1170 2144 1212 2195 the
1223 2145 1387 2208 word‚’asin

843 2222 981 2336 Q⁵uintilian
1007 2276 1069 2340 (viii.
1089 2274 1113 2324 6.
1136 2275 1178 2338 24)
1202 2291 1274 2340 says:
1299 2277 1387 2327 ‘refert

810 2347 899 2399 autem,
920 2340 946 2388 in
965 2348 1084 2404 quantum
1102 2342 1143 2390 hic
1159 2348 1245 2406 tropus
1263 2352 1387 2393 oratorem

810 2413 932 2469 sequatur.
956 2406 1022 2454 Nam
1034 2413 1061 2455 ut
1073 2411 1086 2433 ‘⁴
1097 2407 1237 2455 Vulcanum
1245 2406 1259 2430 ''
1271 2425 1318 2473 pro
1329 2410 1387 2472 igne

810 2471 887 2534 vulgo
905 2472 1018 2520 audimus
1037 2479 1062 2520 et
1079 2472 1174 2521 “vario
1190 2472 1274 2523 Marte
1293 2490 1386 2538 pugna·

811 2544 864 2586 tum
873 2533 889 2557 ‘'
900 2537 1010 2586 eruditus
1024 2544 1061 2586 est
1077 2553 1167 2597 sermo,
1178 2544 1204 2586 et
1217 2541 1232 2564 “
1242 2536 1386 2589 Venerem”

811 2602 1387 2719 insunuansnesman

811 2732 926 2781 licentius
948 2747 1022 2795 quam
1045 2742 1072 2783 ut
1097 2733 1144 2782 fori
1153 2684 1286 2784 pseveritas
1310 2685 1387 2785 ἐκεῖ]

812 2796 921 2846 Cicero's
942 2799 1083 2860 expression
1105 2800 1130 2848 in
1152 2799 1222 2848 Verr.
1245 2817 1269 2851 v.
1296 2813 1334 2849 11.
1357 2811 1386 2865 η

812 2862 919 2911 ‘Veneri
936 2863 986 2911 iarn
1003 2870 1028 2911 et
1042 2863 1133 2913 Libero
1149 2864 1272 2930 reliquum
1289 2872 1388 2931 tempus

811 2928 895 2976 deberi
911 2927 1090 2977 arbitrabatur’
1109 2929 1197 2993 hardly
1210 2946 1295 2980 comes
1310 2932 1388 2981 nuder

811 2992 860 3042 this
867 3009 981 3051 censure;
993 2993 1099 3058 Vergil's
1107 2996 1232 3044 ‘Cererem
1245 3004 1388 3061 corruptam

811 3056 894 3106 undis'
905 3058 978 3119 (Aen.
989 3059 1005 3107 i.
1015 3061 1074 3122 177)
1082 3061 1165 3109 would
1174 3070 1218 3111 not
1226 3061 1258 3110 be
1267 3062 1388 3112 tolerable

811 3124 836 3172 in
854 3140 933 3187 prose.
969 3125 1025 3173 Nor
1039 3127 1061 3174 is
1073 3127 1208 3189 Neptunus
1219 3143 1276 3176 ever
1286 3128 1347 3176 used
1362 3129 1388 3177 in

811 3204 884 3252 prose
901 3190 940 3238 sor
951 3189 1034 3240 ‘sea's
1052 3191 1125 3239 curia
1141 3192 1190 3240 and
1204 3199 1306 3257 campus
1322 3209 1389 3243 seem

812 3255 905 3316 always
916 3263 943 3304 to
955 3256 1030 3304 retain
1044 3272 1059 3304 a
1071 3256 1137 3306 local
1148 3257 1277 3317 reference,
1290 3275 1351 3308 even
1362 3259 1388 3307 in

812 3320 861 3368 Pis.
878 3334 898 3368 a.
913 3335 927 3381 3
940 3321 1003 3370 ‘fors
1013 3322 1115 3370 domina
1126 3322 1210 3386 campi
1218 3321 1240 3371 ἐ
1262 3324 1304 3372 ‘in
1316 3322 1388 3388 toga’

812 3401 840 3434 or
851 3384 980 3450 ‘togatus'
992 3387 1013 3434 is
1025 3387 1092 3437 often
1102 3389 1163 3437 used
1173 3389 1211 3436 for
1224 3387 1263 3436 ‘in
1274 3389 1317 3438 the
1326 3390 1390 3454 garb

812 3451 842 3499 oi
863 3449 970 3515 peace':
998 3468 1038 3515 cp.
1065 3469 1111 3516 pro
1134 3453 1196 3502 Sull.
1219 3467 1258 3515 30.
1280 3455 1310 3517 85
1331 3455 1389 3505 ‘cui

812 3517 854 3564 uni
880 3523 966 3579 togato
989 3525 1089 3567 senatus
1110 3518 1320 3583 supplicationem
1345 3520 1390 3571 de·

812 3580 930 3631 creverit)

848 3660 885 3696 11.
904 3650 1047 3705 lunatas:
1065 3648 1088 3696 if
1096 3647 1205 3699 Cicero's
1220 3657 1351 3714 argument
1367 3650 1389 3701 is

812 3712 891 3760 sound
901 3728 938 3761 we
950 3721 1016 3763 must
1027 3715 1177 3764 understand
1187 3714 1237 3764 this
1247 3731 1277 3764 as
1290 3719 1316 3764 ‘a
1324 3716 1390 3766 class

812 3778 842 3826 oi
860 3793 916 3825 men
934 3778 1007 3841 given
1027 3786 1054 3828 to
1076 3778 1191 3842 luxury’;
1219 3779 1349 3830 otherwise
1368 3783 1389 3831 it

811 3843 895 3891 would
907 3843 939 3892 be
951 3859 1019 3892 more
1033 3845 1132 3893 natural
1147 3855 1174 3894 to
1189 3847 1307 3910 interpret
1323 3845 1345 3896 it
1362 3845 1392 3896 of

811 3907 895 3957 habits
906 3908 935 3956 of
942 3908 1037 3972 luxury.

848 3987 885 4034 13.
899 3977 1003 4022 inflexo
1015 3978 1219 4033 immutatoque
1231 3979 1328 4036 verbo,
1340 3980 1348 4005 ‘
1355 3977 1390 4042 by

813 4039 856 4087 the
868 4039 1036 4088 modification
1048 4055 1076 4088 or
1088 4040 1183 4104 change
1193 4040 1224 4089 of
1231 4057 1246 4090 a
1256 4041 1345 4091 word!

845 4121 909 4154 cum
915 4120 960 4153 rea
967 4109 1072 4166 eadem,
1082 4105 1176 4155 ‘which
1183 4106 1260 4156 arises
1264 4107 1337 4157 when
1347 4108 1389 4160 the

812 4185 880 4218 same
891 4168 963 4231 idea‚'
974 4178 1020 4219 etc.

847 4248 884 4298 15.
904 4238 971 4285 illa:
989 4235 1082 4300 closely
1094 4236 1153 4286 akin
1168 4244 1195 4286 to
1212 4244 1358 4302 metonymy
1368 4238 1390 4289 is

811 4301 971 4364 synecdoche,
982 4300 1023 4350 the
1032 4317 1074 4351 use
1083 4303 1113 4351 of
1120 4319 1136 4352 a
1144 4309 1200 4366 part
1209 4303 1248 4352 for
1256 4302 1298 4353 the
1307 4304 1390 4356 whole

748 4367 759 4430 )
810 4382 839 4415 or
849 4367 900 4415 vice
911 4381 999 4416 versa:
1017 4383 1056 4430 cp.
1070 4368 1154 4430 Quint.
1167 4368 1218 4417 viii.
1231 4369 1255 4420 6.
1272 4381 1302 4434 19
1315 4370 1390 4421 ‘haee

810 4430 985 4498 (synecdoche)
998 4432 1092 4482 variare
1103 4448 1241 4484 sermonem
1257 4437 1350 4500 potest,
1361 4442 1389 4488 ut

1396 918 1410 969 ⁵
