3046 5040
222 354 261 419 18
349 447 352 452 Ι
575 354 624 416 Μ.
652 353 794 415 TULL'I
814 353 1068 416 CICERONIS

221 546 351 589 severas
369 519 481 604 hilare,
497 525 637 590 forensis
655 525 806 589 scaenica
827 543 932 606 prope
946 533 1121 588 venustate
1136 525 1299 589 'tractavit
1319 535 1421 610 atque

220 630 275 707 ita,
290 640 327 693 ut
343 650 450 712 neque
467 630 557 693 iocus
577 629 808 711 magnitudine
825 648 932 690 rerum
948 627 1182 691 excluderetur
1197 649 1258 691 nec
1274 631 1420 710 gravitas

173 742 206 788 ³1
220 733 347 796 facetiis
369 733 595 797 minueretur?
641 733 730 795 Ecce
752 739 943 814 praesentes
966 732 1033 795 duo
1054 751 1158 814 prope
1174 732 1328 814 aequales
1345 733 1421 799 Sul-

220 837 325 920 picius
351 846 385 900 et
413 836 521 902 Cotta.
576 835 666 918 Quid
694 845 764 900 tam
793 836 879 898 inter
902 855 938 899 se
964 834 1146 898 dissimile?
1183 836 1264 919 quid
1289 845 1358 900 tam
1385 840 1419 900 in

220 961 280 1004 suo
296 960 417 1022 genere
431 946 626 1023 praestans?
672 939 825 1003 Limatus
847 938 930 1002 alter
951 947 985 1002 et
1005 938 1144 1016 subtilis,
1160 958 1230 1001 rem
1246 939 1420 1022 explicans
1433 969 1450 1021 ,5

220 1045 360 1126 propriis
383 1043 536 1126 aptisque
558 1043 685 1118 verbis3
709 1042 823 1105 haeret
844 1043 877 1105 in
894 1062 994 1106 causa
1014 1062 1146 1124 semper
1166 1051 1199 1106 et
1221 1044 1302 1125 quid
1319 1045 1420 1129 iudici

220 1147 429 1230 probandum
452 1147 495 1210 sit
518 1167 593 1209 cum
615 1147 806 1210 acutissime
821 1146 914 1222 vidit,
930 1146 1060 1209 omissis
1076 1146 1193 1209 ceteris
1213 1148 1419 1228 argumentis

219 1250 253 1313 in
270 1270 310 1314 eo
327 1259 472 1314 mentem
489 1252 741 1332 orationemque
762 1249 897 1332 defigit3
921 1248 1088 1331 Sulpicius
1108 1260 1220 1313 autem
1238 1249 1420 1318 fortissimo

219 1356 365 1437 quodam
381 1355 484 1418 animi
500 1353 634 1435 impetu,
650 1353 842 1436 plenissima
863 1361 897 1416 et
918 1353 1067 1415 maxima
1085 1372 1176 1430 voce,
1191 1374 1321 1416 summa
1337 1374 1417 1417 con·

218 1458 368 1523 tentione
384 1459 528 1540 corporis
544 1467 578 1520 et
593 1457 757 1539 dignitate
772 1466 891 1534 motus,
910 1457 1087 1519 verborum
1105 1476 1238 1538 quoque
1252 1477 1293 1520 ea
1307 1458 1416 1539 gravi·
1434 1487 1465 1522 10

218 1570 288 1626 tate
308 1570 343 1625 et
363 1561 460 1643 copia
480 1569 539 1637 est,
554 1569 591 1624 ut
612 1580 696 1624 unus
717 1562 760 1625 ad
781 1557 960 1624 dicendum
976 1559 1248 1622 instructissimus
1263 1580 1284 1622 a
1299 1571 1419 1625 natura

180 1669 289 1735 9esse
321 1665 481 1729 videatur.
525 1664 583 1727 Ad
614 1672 746 1727 nosmet
776 1664 865 1747 ipsos
899 1663 965 1725 iam
996 1671 1151 1741 revertor,
1181 1663 1339 1745 quoniam
1370 1665 1418 1727 sic

169 1753 204 1800 ³²
218 1768 340 1832 fuimus
356 1787 487 1850 semper
508 1768 700 1849 comparati,
721 1776 758 1830 ut
776 1766 950 1830 hominum
971 1765 1179 1829 sermonibus
1198 1768 1293 1848 quasi
1309 1767 1342 1829 in
1359 1767 1418 1831 ali-

218 1872 308 1954 quod
324 1870 547 1934 contentionis
563 1870 720 1934 iudicium
736 1890 944 1934 vocaremur:
960 1869 1040 1952 quid
1052 1879 1123 1933 tam
1139 1869 1298 1933 dissimile
1316 1890 1417 1952 quam

218 1995 282 2056 ego
305 1975 339 2037 in
362 1974 504 2038 dicendo
522 1982 556 2037 et
575 1974 772 2037 Antonius?
802 1993 878 2038 cum
899 1972 955 2036 ille
975 1974 1003 2035 is
1024 1974 1066 2036 sit
1082 1982 1203 2051 orator,
1218 1982 1255 2037 ut
1275 1972 1356 2037 nihil
1377 1995 1417 2038 eo
1435 2001 1463 2053 ¹5

218 2078 324 2161 possit
352 2098 424 2140 esse
454 2077 682 2159 praestantius,
712 2097 776 2159 ego
810 2087 933 2154 autem,
964 2096 1167 2158 quamquam
1198 2086 1321 2141 memet
1352 2077 1417 2141 mei

219 2175 377 2263 paenitet,
401 2201 476 2243 cum
498 2179 562 2243 hoc
585 2181 732 2244 maxime
752 2190 864 2244 tamen
892 2182 925 2243 in
952 2181 1200 2262 comparatione
1224 2181 1417 2263 coniungar.

218 2284 402 2361 Videtisne,
418 2303 523 2366 genus
544 2283 607 2346 hoc
628 2284 719 2366 quod
738 2285 781 2348 sit
798 2284 952 2347 Antoni?
997 2284 1107 2361 Forte,
1122 2283 1309 2362 vehemens,
1325 2305 1417 2348 com-

220 2395 348 2451 motum
371 2388 404 2450 in
423 2388 563 2470 agend0,
584 2389 828 2470 praemunitum
850 2395 946 2450 etex
966 2388 1057 2450 omni
1078 2395 1173 2470 parte
1188 2407 1306 2451 causae
1320 2408 1417 2470 saep·

219 2501 299 2566 tum,
325 2511 409 2570 acre,
433 2501 575 2569 acutum,
600 2491 817 2570 enucleatum,
842 2491 875 2554 in
900 2511 960 2555 sua
985 2511 1114 2574 quaque
1141 2510 1175 2552 re
1199 2510 1417 2571 commorans,
1433 2520 1465 2558 ιο

654 2624 693 2660 ao.
710 2626 757 2660 sua
769 2611 837 2660 AH:
854 2626 909 2659 unu
920 2610 981 2658 oFr.

252 2731 276 2780 3.
294 2719 376 2775 ane,
389 2717 415 2767 ii.
427 2732 467 2781 94.
841 2733 977 2768 nonsense:
990 2734 1030 2781 cp.
1039 2717 1120 2767 Plaut.
1129 2717 1198 2767 Trin.
1208 2731 1256 2780 3²0
1269 2717 1304 2768 ‘is
1313 2719 1419 2784 probust

252 2798 276 2845 4.
284 2785 435 2831 dissimile:
448 2784 516 2832 Bmt.
523 2783 655 2844 204‘nibil
663 2784 730 2832 enim
740 2790 792 2832 tam
841 2798 916 2848 quem
934 2784 1042 2869 paenitet
1058 2799 1135 2848 quam
1151 2784 1245 2848 probus
1259 2785 1292 2833 sit
1308 2793 1334 2834 et
1350 2785 1417 2860 frugi

219 2847 340 2898 dissimile
359 2863 433 2910 quam
452 2848 529 2897 Cotta
549 2847 669 2912 Sulpicio,
687 2855 711 2897 et
729 2856 794 2898 uter·
841 2850 936 2898 bonae:
955 2849 1096 2899 Ter.Haut.
1107 2858 1136 2910 72
1147 2849 1325 2912 ‘quantumhic
1334 2864 1417 2914 opens

220 2929 266 2977 que
278 2912 423 2977 aequalibus
434 2913 484 2962 suis
501 2912 638 2977 plurimum
655 2914 793 2978 praestitit!
841 2913 885 2963 fiat
901 2915 1011 2979 paenitet
1020 2911 1042 2963 ι’
1065 2914 1111 2963 Ov.
1124 2915 1196 2964 Pont.
1206 2915 1231 2963 ii.
1241 2929 1263 2977 3.
1278 2928 1308 2980 14
1321 2916 1417 2980 ‘gratis

220 2979 300 3029 There
309 2979 331 3026 is
346 2995 361 3028 a
376 2978 474 3027 natural
486 2978 565 3041 laxity
573 2977 602 3027 of
615 2979 756 3042 expression
768 2979 793 3028 in
840 2980 949 3092 paenitet
967 2995 1019 3029 esse
1039 2979 1162 3044 probum,’
1182 2980 1233 3028 and
1253 2979 1296 3030 the
1314 2996 1370 3030 cxx.
1389 2994 1416 3030 m

220 3048 296 3093 inter
308 3058 337 3092 se
349 3044 409 3092 with
417 3042 459 3092 the
471 3044 597 3107 singular:
611 3042 707 3093 ‘where
718 3044 794 3093 could
865 3082 871 3094 .
883 3048 907 3094 δι
919 3044 943 3094 S.
956 3061 975 3094 s.
984 3061 1008 3094 v.
1024 3045 1052 3094 C.

220 3124 270 3174 you
279 3108 330 3157 find
342 3107 401 3157 such
413 3109 510 3157 mutual
521 3107 695 3158 unlilrenessl’
876 3112 914 3159 18.
926 3113 1077 3169 videtisne,
1090 3111 1116 3159 ii.
1128 3109 1162 3173 64
1175 3109 1264 3174 (note).

253 3173 276 3222 6.
295 3178 394 3223 haeret
404 3177 437 3222 in
453 3189 546 3235 cauea,
560 3173 607 3224 ‘he
624 3174 700 3240 keeps
715 3181 743 3224 to
753 3174 794 3224 his
875 3189 912 3239 19.
924 3179 956 3224 in
967 3173 1268 3239 agendofindeliveryz‘
1281 3176 1351 3240 cp.ii.
1359 3189 1415 3242 195.

219 3237 290 3290 case?
875 3255 913 3290 ao.
923 3244 1109 3300 enucleatum,
1118 3239 1381 3307 ‘clear,precise.’L.&
1388 3241 1414 3293 S.

253 3306 276 3354 8.
297 3307 451 3365 sulpicius,
464 3305 557 3354 Introd.
568 3321 593 3370 p.
605 3319 644 3368 19.
839 3321 886 3356 can
897 3306 985 3369 hardly
996 3308 1028 3356 be
1038 3307 1105 3371 right
1117 3307 1142 3354 in
1154 3307 1315 3370 interpreting
1326 3306 1415 3356 ‘with-

249 3384 287 3419 11.
297 3385 313 3418 a
320 3375 433 3419 natura:
444 3370 562 3434 itmaybe
569 3371 679 3420 doubted
684 3370 794 3420 whether
840 3379 883 3421 ont
895 3372 1040 3428 ornament,’
1052 3372 1135 3421 which
1146 3372 1167 3421 is
1182 3372 1342 3421 inconsistent
1353 3373 1415 3422 with

219 3435 270 3484 this
286 3451 371 3484 means
384 3437 424 3484 ‘in
444 3444 539 3500 respect
557 3435 587 3483 of
602 3437 699 3486 natural
718 3433 794 3500 gifts’
840 3436 883 3486 the
898 3437 1026 3486 antithesis
1035 3439 1059 3486 in
1071 3437 1140 3488 Orat.
1153 3451 1175 3502 9.
1187 3439 1216 3485 28
1230 3440 1335 3501 ‘putant
1347 3437 1415 3486 enim

220 3508 270 3567 (cp.
281 3501 348 3550 Brut.
361 3515 401 3563 43.
416 3500 459 3549 161
477 3504 507 3550 ‘a
524 3501 693 3566 philosophia,
709 3518 724 3551 a
741 3502 793 3550 iure
840 3503 883 3565 qui
905 3502 1004 3550 horride
1027 3502 1166 3565 inculteque
1188 3503 1264 3565 dicat,
1287 3502 1365 3551 modo
1387 3504 1415 3552 id

219 3567 297 3627 civili,
309 3567 343 3616 ab
354 3565 457 3615 historia
473 3567 558 3616 fuisset
575 3566 752 3629 instructior’),
764 3583 793 3616 or
839 3568 964 3631 eleganter
979 3566 1153 3631 enucleateque
1164 3567 1247 3624 faciat,
1257 3583 1315 3616 eum
1332 3568 1415 3617 solum

220 3633 270 3695 ‘by
280 3632 381 3692 nature,'
390 3632 451 3681 with
462 3647 494 3681 an
506 3632 631 3681 extension
644 3632 673 3680 of
682 3632 723 3681 the
735 3647 791 3681 con·
839 3633 925 3682 Attice
945 3632 1042 3688 dicere,’
1060 3633 1142 3682 where
1164 3648 1203 3682 see
1223 3632 1326 3696 Sandys’
1347 3639 1414 3684 note.

219 3698 337 3746 struction
347 3697 444 3746 natural
452 3697 514 3746 with
526 3698 568 3746 the
576 3697 707 3763 participle
715 3698 740 3746 in
750 3697 792 3746 the
839 3698 869 3746 In
887 3698 954 3746 Brut.
968 3711 1013 3761 115
1029 3697 1071 3747 the
1082 3698 1151 3747 word
1168 3699 1189 3746 is
1206 3698 1260 3747 also
1277 3697 1337 3747 used
1352 3713 1414 3748 asa

218 3761 792 3891 {triturantia“latinii
838 3761 1414 3892 misrdwditullssltllitt

219 3894 262 3943 the
273 3893 363 3943 former
374 3893 395 3942 is
407 3892 514 3958 perhaps
529 3844 651 3943 thepmore
662 3842 791 3958 probabl9e.
839 3894 896 3943 dem
903 3901 928 3943 et
935 3894 1013 3959 polite
1021 3867 1048 3944 nt
1055 3894 1159 3954 solebat,
1167 3909 1322 3958 nequaquam
1331 3844 1414 3944 aufem

254 3972 292 4021 13.
300 3958 735 4022 eomparati‘insuchaposition‚’
747 3964 792 4008 not
837 3975 867 4008 ea
881 3960 906 4008 vi
924 3968 998 4023 atque
1014 3958 1104 4024 copia,'
1117 3967 1164 4009 etc.
1207 3959 1373 4009 ‘Enucleare’
1390 3959 1413 4009 is

221 4023 368 4085 ‘matched,’
381 4040 408 4073 as
417 4023 496 4073 Sorof.
515 4024 563 4089 Cp.
573 4023 601 4071 L.
611 4026 635 4071 itt
647 4024 670 4073 S.
681 4029 792 4088 comparo
838 4025 899 4073 used
910 4025 935 4073 in
944 4025 1018 4074 Tusc.
1028 4027 1061 4074 D.
1069 4041 1092 4074 v.
1105 4039 1125 4073 1.
1137 4038 1174 4086 23,
1186 4024 1253 4074 Part.
1266 4026 1309 4074 Or.
1325 4034 1361 4088 17.
1370 4034 1412 4089 57,

220 4089 259 4153 (2)
272 4090 292 4140 1.
303 4091 330 4136 Β.
838 4098 884 4139 ete
897 4090 935 4139 for
948 4092 989 4140 ‘to
1001 4091 1074 4139 make
1086 4089 1167 4140 clear!

254 4168 292 4217 ιικ
309 4157 341 4202 in
365 4155 557 4204 contentionis
579 4156 726 4215 iudicium,
747 4155 791 4203 ‘to
870 4158 902 4203 in
918 4170 969 4204 sua
984 4170 1094 4213 quaque
1111 4171 1150 4216 re,
1163 4154 1305 4204 favourable
1320 4159 1348 4205 to
1364 4156 1413 4204 ‘on

219 4234 312 4283 appear
324 4217 363 4268 for
377 4219 535 4286 comparison
552 4218 636 4270 before
652 4235 668 4269 a
683 4225 754 4270 court
765 4218 795 4268 of
837 4235 910 4284 every
928 4221 999 4285 point
1017 4221 1057 4269 his
1074 4237 1130 4270 own
1150 4218 1230 4270 case?
1246 4221 1290 4270 the
1309 4221 1414 4284 reading

218 4284 316 4334 critics’
838 4286 867 4335 of
872 4286 914 4335 the
926 4285 997 4335 MSS.
1005 4301 1056 4335 was
1065 4286 1157 4350 rightly
1164 4284 1270 4349 rejected
1281 4287 1316 4349 by
1324 4286 1412 4347 Adler,

238 4349 274 4399 16.
280 4352 338 4399 mei
346 4353 481 4410 paenitet,
493 4350 570 4399 ‘Iam
577 4349 791 4400 dissatisfiedwitb
837 4367 865 4400 as
876 4350 979 4415 directly
989 4351 1014 4399 in
1026 4351 1204 4401 contradiction
1214 4357 1242 4400 to
1253 4351 1320 4401 what
1333 4353 1413 4401 Anto·

217 4412 333 4478 myself:'
358 4415 400 4465 the
422 4416 576 4480 stereotyped
598 4416 742 4466 translation
765 4415 796 4463 os
836 4417 892 4465 nius
903 4431 959 4480 says
970 4416 999 4465 of
1010 4416 1113 4466 himself
1120 4417 1145 4464 in
1156 4417 1183 4466 ii.
1196 4430 1251 4482 ²9²·

219 4478 355 4546 ‘paenitet'
373 4497 400 4531 as
421 4481 456 4531 ‘it
478 4478 591 4547 repents’
611 4481 678 4532 osten
705 4481 791 4532 makes
869 4496 1052 4544 commorans,
1064 4482 1089 4532 ii.
1100 4495 1155 4547 292.
