3046 5040
187 323 247 389 128

530 323 581 384 M.
608 323 752 384 TULLI
771 320 1027 384 CICERONIS

184 494 355 580 permotio,
371 515 457 577 quae
472 494 618 557 maxime
633 502 690 558 aut
709 492 905 572 declaranda
926 505 984 558 aut
1000 493 1161 558 imitanda
1176 504 1226 560 est
1241 495 1381 574 actione,

184 599 374 683 perturbata
396 619 495 680 saepe
518 599 565 662 ita
587 608 647 672 est,
667 607 704 661 ut
727 599 920 663 obscuretur
940 618 979 662 ac
1002 618 1106 680 paene
1129 601 1298 677 obruatur,
1317 601 1382 664 dis·

184 703 337 768 cutienda
357 714 433 767 sunt
454 723 502 780 ea,
518 722 604 784 quae
623 702 809 779 obscurant,
825 711 859 765 et
880 722 928 778 ea,
943 723 1029 784 quae
1049 711 1125 765 sunt
1148 703 1329 768 eminentia
1349 713 1382 768 et

118 825 170 871 111
184 817 348 890 prompta,
363 808 533 870 sumenda.
580 805 698 871 Omnis
714 806 801 869 enim
818 815 929 869 motus
944 807 1046 869 animi
1062 827 1156 870 suum
1176 809 1382 890 quendama
1431 852 1436 881 ς

184 920 302 975 natura
328 910 429 974 habet
451 910 579 975 voltum
611 921 645 974 et
670 929 789 973 sonum
815 920 849 974 et
875 920 1028 991 gestum3
1059 930 1245 994 corpusque
1271 923 1408 987 totum5

183 1016 327 1080 hominis
343 1025 376 1078 et
392 1017 460 1079 eius
477 1015 584 1078 omnis
598 1014 708 1079 voltus
724 1034 905 1096 omnesque
919 1034 1027 1092 voces,
1043 1024 1079 1078 ut
1095 1017 1184 1079 nervi
1201 1016 1235 1078 in
1250 1016 1382 1093 fidibus,

184 1120 231 1183 ita
246 1126 374 1196 sonant,
390 1128 426 1182 ut
442 1139 461 1181 a
477 1128 572 1182 motu
587 1118 686 1182 animi
703 1138 835 1201 quoque
856 1128 932 1182 sunt
954 1117 1077 1200 pulsae.
1123 1119 1212 1183 Nam
1230 1141 1331 1185 voces
1346 1132 1383 1186 ut

182 1223 325 1287 chordae
348 1232 424 1286 sunt
448 1223 604 1297 intentae,
628 1242 713 1303 quae
738 1223 781 1286 ad
807 1243 973 1305 quemque
998 1232 1125 1286 tactum
1150 1226 1382 1306 respondeant,

182 1337 280 1390 acuta
300 1327 416 1408 gravis,
435 1325 500 1389 cita
519 1327 624 1401 tarda,
646 1344 766 1408 magna
788 1345 909 1408 parva;
932 1345 1014 1408 quas
1034 1335 1147 1389 tamen
1168 1327 1253 1390 inter
1274 1330 1382 1394 omnis

182 1440 234 1494 est
258 1450 318 1492 suo
343 1449 477 1510 quoque
503 1429 536 1490 in
561 1448 679 1511 genere
705 1428 888 1506 mediocris
908 1437 1008 1511 atque
1032 1430 1133 1493 etiam
1158 1427 1214 1494 illa
1239 1441 1318 1494 sunt
1340 1434 1382 1496 ab
1398 1453 1424 1488 10

182 1534 232 1596 his
259 1531 394 1614 delapsa
420 1532 513 1615 plura
539 1551 668 1614 genera,
692 1532 763 1594 leve
789 1553 952 1615 asperum,
978 1543 1183 1597 contractum
1214 1533 1383 1614 diffusum,

219 1750 238 1784 1.
256 1737 409 1783 imitanda:
427 1750 466 1798 cp.
479 1734 585 1798 Longin.
597 1751 622 1799 p.
633 1749 689 1796 310,
699 1735 756 1784 who

183 1800 274 1849 defines
289 1799 410 1861 ὑπόκρισις
423 1800 539 1863 (εαίίίο)
553 1817 581 1849 as
594 1799 691 1861 μίμησις
707 1800 758 1848 τῶν

182 1865 236 1913 κατ’
252 1864 366 1924 ἀλήθειαν
383 1863 478 1927 ἑκάστῳ
494 1864 675 1928 παρισταμένων
693 1867 757 1928 ἠθῶν

180 1931 220 1980 sui
232 1930 319 1990 παθῶν,
331 1937 403 1980 emh.

217 2011 238 2044 1.
258 2002 400 2051 obruatur.
413 1995 581 2056 ‘smothered,‘
594 2012 621 2045 as
633 1996 655 2044 if
664 1996 756 2046 hidden

181 2063 259 2111 nuder
269 2079 284 2110 a
295 2078 361 2110 mass
372 2062 401 2110 of
409 2061 498 2125 falling
507 2062 584 2110 earth.

214 2143 238 2189 4
255 2133 399 2184 prompta:
417 2142 455 2175 we
466 2127 546 2190 might
557 2143 602 2189 say
614 2124 743 2191 ‘striking’
749 2144 756 2187 ;

182 2193 288 2255 brought
300 2200 342 2240 out
353 2193 406 2240 into
417 2193 582 2256 prominence.

214 2257 237 2304 ⁶.
255 2273 353 2306 voces:
374 2257 497 2306 ‘different
509 2258 582 2306 kinds
590 2257 620 2306 of
627 2259 715 2315 voice,'
727 2274 756 2307 or

181 2321 284 2382 ‘tones,’
296 2331 339 2372 not
351 2322 476 2381 ‘sounds,'
488 2338 515 2371 as
527 2323 601 2372 often.

216 2398 237 2450 7.
255 2394 373 2438 sonent:
392 2388 452 2437 used
464 2389 497 2450 by
508 2404 611 2452 zeugma
622 2389 682 2438 with
697 2403 754 2438 eor-

180 2470 234 2511 pus
249 2455 298 2502 and
308 2457 411 2509 voltus,
423 2453 519 2502 instead
531 2455 560 2502 of
573 2462 757 2503 commoventur

181 2536 210 2568 or
232 2535 301 2568 some
320 2520 380 2569 such
396 2519 480 2568 word:
509 2535 537 2568 so
554 2528 597 2569 too
615 2524 712 2576 pulsae
733 2520 755 2567 is

181 2586 272 2633 chosen
288 2601 316 2633 as
333 2585 441 2649 adapted
456 2592 483 2633 to
500 2587 597 2642 nervl3
617 2601 655 2633 we
674 2585 754 2649 might

180 2665 224 2712 say
238 2647 384 2700 ‘touched':
403 2665 514 2708 quoque
527 2651 556 2698 oi
569 2666 655 2699 course
670 2665 755 2714 agrees

180 2715 242 2764 with
263 2721 350 2764 motu,
385 2714 425 2763 On
448 2716 490 2765 the
510 2715 626 2765 relations
645 2717 754 2764 between

180 2782 303 2830 eniotions
320 2780 369 2828 and
388 2780 467 2839 looks,
484 2789 594 2843 gestures
611 2780 659 2828 and
676 2787 753 2841 tones,

180 2861 218 2908 cp.
232 2843 322 2908 Sully's
337 2846 450 2894 Outlines
460 2847 491 2909 of
496 2846 650 2909 Psychology,
660 2861 684 2909 p.
697 2858 753 2908 454,

180 2911 215 2958 H.
230 2909 356 2975 Spencer’s
367 2911 508 2973 Principlcs
518 2910 549 2974 of
560 2911 716 2973 Psyrhology,
729 2912 753 2960 ii.

180 2977 239 3024 Part
256 2976 307 3024 viii.
327 2992 347 3024 1.
366 2975 397 3024 iv.
417 2976 467 3024 and
484 2976 618 3040 especially
633 2975 769 3025 Darwin's

179 3041 334 3103 Expression
345 3040 421 3104 ostie
432 3042 572 3100 Emotions,
584 3057 619 3090 cc.
631 3042 691 3089 i-iii.

213 3108 236 3154 8.
254 3110 379 3154 intentae
391 3121 462 3163 quae
477 3111 681 3164 respondeant:
701 3111 755 3156 ‘set

180 3185 209 3219 so
220 3187 248 3220 as
259 3180 286 3220 to
297 3187 389 3220 answer
400 3170 443 3221 to.’

212 3251 236 3300 9.
252 3235 480 3294 megne=‘loud.'

215 3315 252 3349 11.
270 3317 322 3351 suo
340 3317 451 3359 quoque
468 3305 500 3350 in
516 3317 634 3360 genere:
654 3304 695 3352 the
709 3318 754 3353 suo

179 3383 257 3417 seems
269 3374 296 3415 to
308 3368 339 3416 be
351 3367 499 3427 redundant;
511 3369 602 3432 butcp.
610 3369 753 3418 Lachmann

178 3433 228 3482 and
245 3433 336 3481 Munro
353 3449 385 3481 on
402 3433 498 3482 Lucret.
510 3434 535 3482 ii.
550 3444 605 3496 371,
618 3434 668 3482 and
681 3434 752 3482 Mad-

178 3498 221 3562 vig
237 3514 269 3546 on
287 3500 318 3546 de
335 3499 389 3546 Fin.
408 3515 430 3547 v.
448 3497 488 3561 46.
521 3499 666 3547 Lachmann
683 3500 753 3548 reads

178 3564 203 3611 in
221 3563 300 3612 Varro
318 3565 348 3612 R.
366 3564 396 3612 R.
413 3564 430 3611 i.
449 3574 470 3626 7,
484 3579 496 3612 2
509 3567 692 3628 ‘quaecumque
708 3580 753 3613 suo

178 3644 276 3692 quoqne
288 3631 345 3677 loco
356 3635 412 3677 sunt
424 3627 524 3692 posita,’
532 3630 613 3677 where
625 3631 684 3678 Keil
696 3646 753 3678 now

178 3694 223 3742 has
237 3698 312 3756 ‘quae
324 3710 374 3742 suo
390 3695 495 3758 quicque
513 3695 569 3743 loco
585 3703 641 3743 snnt
653 3693 752 3759 posita.‘

179 3759 283 3822 Madvig
300 3760 381 3808 shows
398 3759 456 3807 how
472 3759 523 3808 first
543 3765 615 3808 ‘snus
633 3759 752 3825 quisque’

178 3827 199 3873 is
210 3825 305 3873 treated
316 3841 344 3873 as
359 3842 374 3874 a
390 3824 469 3888 single
484 3825 561 3882 word,
573 3826 711 3888 equivalent
725 3835 752 3875 to

178 3889 255 3940 ‘each
270 3889 379 3950 several,’
392 3890 537 3953 comparing
551 3890 612 3940 Tac
625 3892 689 3939 Ann.
701 3892 751 3940 xiv.

180 3966 210 4018 27
224 3957 273 4019 (cp.
287 3955 435 4005 Fumeaux’s
448 3959 519 4017 note)
536 3956 585 4005 and
602 3957 655 4006 Cic.
672 3957 750 4005 Acad.

178 4022 204 4070 ii.
219 4030 242 4084 7,
257 4034 286 4084 19
297 4023 348 4085 (cp.
360 4019 445 4069 Reid’s
455 4021 534 4082 note),
546 4022 595 4070 and
607 4021 666 4070 then
677 4021 752 4071 ‘haec

177 4086 329 4135 consuetudo
351 4086 383 4134 ad
409 4087 488 4150 ipsam
512 4087 589 4147 illam,
613 4087 678 4136 unde
699 4094 752 4136 erat

177 4160 239 4211 orta,
257 4151 401 4200 mutandam
422 4152 546 4200 interdum
565 4153 649 4202 valuit.
684 4153 751 4200 Nam

176 4223 278 4281 propter
288 4217 360 4266 huius
370 4218 464 4281 generis
479 4218 665 4266 similitudinem
675 4219 751 4266 etiam

177 4285 202 4330 in
222 4297 280 4330 vera
297 4282 476 4342 distributione,
498 4283 591 4346 inqua
614 4283 682 4331 aliud
700 4283 751 4332 alio

177 4346 283 4397 relatum
319 4347 502 4410 significaretur,
536 4348 657 4397 interdum
689 4364 751 4397 satus

177 4412 282 4478 quisquc
305 4414 477 4464 coniunctione
504 4414 598 4463 dictum
625 4421 671 4473 est,
694 4429 750 4463 cum

807 1735 911 1799 quisquc
922 1735 974 1784 alio
989 1751 1046 1784 casu
1060 1737 1120 1799 poni
1134 1736 1251 1796 deberet;
1269 1739 1305 1788 ita
1321 1739 1382 1789 divi·

807 1801 883 1849 sionis
900 1809 924 1850 et
940 1802 1102 1865 separationis
1118 1802 1266 1866 significatio
1282 1806 1381 1866 eminet,

808 1867 936 1915 relationis
947 1865 1106 1916 obscuratur!
1129 1867 1171 1916 He
1182 1876 1278 1931 quotes,
1289 1886 1383 1934 among

807 1932 878 1980 other
900 1948 1023 1996 passages,
1047 1932 1101 1980 Liv.
1118 1932 1154 1981 iii.
1176 1947 1214 1992 aa,
1233 1933 1249 1982 6
1272 1936 1383 2000 ‘equites

807 1997 866 2044 item
888 2013 947 2046 suae
969 1997 1057 2060 cuique
1084 1998 1148 2062 parti
1176 2006 1234 2063 post
1261 2000 1383 2065 principia

806 2061 931 2121 colloeat'
943 2063 992 2111 and
1005 2063 1066 2112 adds
1079 2064 1200 2112 ‘debebat
1211 2065 1285 2114 scribi
1296 2065 1369 2117 saeos?

839 2131 874 2176 eb
892 2131 938 2176 his
955 2131 1078 2189 delapsa,
1091 2129 1203 2177 ‘derived
1217 2130 1282 2179 from
1297 2129 1381 2185 these':

805 2193 904 2241 delabor
913 2193 938 2240 in
950 2193 999 2242 this
1014 2209 1083 2242 sense
1098 2194 1128 2242 os
1136 2196 1143 2220 ‘
1151 2195 1266 2259 passing'
1276 2197 1298 2246 is
1308 2197 1382 2246 much

806 2274 875 2306 more
891 2274 1008 2307 common
1022 2259 1084 2307 with
1096 2259 1125 2306 in
1137 2276 1158 2309 c.
1169 2276 1221 2310 aec.
1233 2279 1240 2310 z
1257 2277 1297 2326 cp.
1311 2263 1328 2310 i.
1340 2262 1380 2327 96,

805 2324 830 2371 ii.
845 2323 900 2385 246,
914 2331 960 2372 etc.

840 2402 876 2438 11.
895 2391 959 2438 leve
970 2406 977 2437 1
994 2389 1132 2452 Quintilian
1143 2390 1177 2438 xi.
1185 2404 1208 2451 5,
1219 2403 1248 2454 15
1257 2398 1379 2443 contrasts

804 2454 1380 2524 levisetaspera:andasmostMSS.(including

804 2520 850 2578 M)
860 2519 922 2568 have
933 2520 991 2579 leue,
1000 2519 1053 2568 Ido
1060 2527 1103 2568 not
1112 2521 1215 2584 seewhy
1223 2524 1243 2570 it
1251 2523 1342 2574 should
1349 2526 1379 2574 be

804 2584 915 2648 changed
927 2585 960 2648 by
968 2585 1003 2633 all
1014 2594 1095 2635 recent
1106 2587 1197 2636 editors
1208 2595 1235 2637 to
1246 2589 1307 2639 lma.

837 2657 1013 2699 contractum
1023 2667 1103 2700 seems
1113 2658 1140 2700 to
1151 2667 1224 2701 mean
1233 2654 1274 2702 ‘of
1283 2654 1378 2705 limited

804 2714 920 2764 volume.’
938 2716 992 2764 The
1000 2724 1107 2765 contrast
1115 2733 1200 2767 occurs
1206 2721 1300 2768 several
1307 2721 1379 2770 times

805 2780 830 2828 in
839 2780 984 2842 Quintilian,
990 2782 1035 2829 but
1042 2783 1067 2830 in
1073 2782 1377 2849 slightlyvaryingsenses3

805 2848 945 2894 ‘contracta
955 2854 981 2895 et
990 2845 1053 2895 fusa’
1062 2847 1087 2895 in
1099 2849 1132 2897 xi.
1145 2861 1169 2909 3,
1184 2862 1212 2912 15
1224 2850 1288 2900 refer
1298 2858 1326 2900 to
1337 2851 1378 2900 the

803 2911 901 2960 natural
912 2912 1007 2975 quality
1014 2913 1043 2961 of
1051 2912 1092 2961 the
1104 2914 1186 2962 voice:
1203 2914 1228 2962 in
1242 2919 1255 2972 5
1265 2917 1298 2977 48
1310 2923 1377 2966 ‘con-

805 2983 910 3025 tractum
922 2983 995 3040 atque
1006 2976 1265 3029 submissnm'denote
1276 2996 1291 3028 a
1302 2981 1378 3046 quiet,

805 3042 895 3090 almost
906 3043 1026 3092 timorous
1036 3043 1153 3108 delivery,
1167 3047 1305 3095 contrasted
1318 3047 1377 3095 with

805 3107 916 3171 ‘aliquid
928 3108 1024 3172 plenius
1038 3117 1063 3158 et
1079 3110 1209 3160 erectins‘:
1227 3111 1253 3160 in
1268 3117 1280 3171 ξ
1297 3111 1331 3174 64
1341 3127 1378 3160 we

804 3172 867 3221 have
878 3173 914 3220 ‘in
926 3183 993 3222 metu
1004 3182 1029 3222 et
1040 3175 1185 3223 verecundia
1196 3183 1324 3227 contracta
1336 3178 1379 3239 (sit

804 3240 864 3298 vox)
874 3276 879 3287 .
889 3274 909 3287 ..
919 3244 944 3286 at
954 3239 979 3286 in
989 3239 1168 3302 egressionibus
1179 3241 1233 3288 lusa
1244 3249 1269 3290 et
1281 3257 1379 3292 securae

805 3301 939 3361 claritatis,’
949 3304 974 3351 in
987 3307 1000 3360 5
1012 3313 1057 3367 175
1072 3309 1135 3352 ‘non
1147 3306 1195 3354 hoc
1206 3307 1343 3356 “misellus
1353 3315 1377 3356 et

804 3367 991 3431 pauperculus,”
1011 3370 1132 3418 submissa
1152 3378 1228 3434 atque
1253 3380 1378 3422 1111111111

806 3434 900 3483 “sortis
917 3443 942 3482 et
958 3433 1089 3485 vehemens
1106 3442 1130 3484 et
1148 3435 1238 3496 latro,”
1255 3446 1337 3488 erecta
1352 3445 1378 3487 et

803 3499 927 3548 concitata
937 3515 997 3549 voce
1012 3500 1144 3549 dicendum
1159 3507 1195 3550 est
1204 3500 1227 3549 i’
1261 3503 1348 3553 Hence
1358 3503 1379 3552 it

803 3579 882 3613 seems
897 3565 952 3613 that
964 3571 970 3591 ⁶
981 3571 1107 3614 contracta
1123 3567 1186 3615 vox'
1198 3567 1219 3616 is
1235 3584 1283 3618 one
1296 3568 1377 3618 which

803 3630 882 3679 either
898 3631 960 3678 from
980 3631 1077 3680 natural
1096 3631 1243 3681 limitatione
1263 3650 1293 3683 or
1314 3634 1377 3683 from

804 3695 845 3744 the
864 3702 900 3744 art
919 3695 949 3745 of
962 3696 1004 3745 the
1021 3696 1125 3760 speaker
1143 3697 1204 3746 does
1224 3706 1268 3749 not
1286 3700 1345 3749 take
1362 3715 1378 3748 a

803 3761 867 3808 wide
878 3776 953 3824 range
964 3761 1044 3811 either
1054 3763 1083 3810 of
1091 3762 1160 3826 pitch
1172 3779 1201 3810 or
1212 3764 1242 3812 of
1254 3764 1376 3826 intensity.

803 3829 938 3874 diffluum
946 3826 997 3875 will
1005 3827 1035 3876 be
1043 3827 1123 3890 theop
1143 3828 1212 3878 osite.
1231 3829 1377 3894 Osasingle

802 3843 1378 3952 note,ashere,itmustbe‘hmitedinvolume.¹

802 3955 906 4004 Kiihner
924 3958 1009 4020 (1858)
1030 3957 1160 4006 translates
1179 3959 1311 4022 ‘placitato
1327 3961 1378 4010 und

801 4020 887 4084 lagato'
898 4022 979 4070 which
991 4023 1084 4072 Piderit
1095 4023 1183 4087 (1859)
1195 4025 1243 4072 and
1257 4025 1334 4074 Soros
1341 4042 1378 4076 re·

802 4087 917 4150 produce.
951 4089 1000 4136 But
1018 4087 1085 4137 these
1104 4096 1179 4138 terms
1195 4089 1229 4138 do
1248 4098 1293 4140 not
1310 4107 1378 4140 seem

801 4153 1378 4220 veryappropriate,orsnitabletothepassages

800 4218 826 4266 in
847 4217 992 4279 Quintilian.
1026 4218 1102 4268 Sorof
1117 4234 1226 4268 assumes
1245 4220 1300 4270 that
1320 4222 1378 4286 they

801 4283 949 4346 correspond
970 4291 997 4333 11
1019 4283 1062 4333 the
1083 4292 1159 4333 terms
1185 4286 1318 4349 suggested
1345 4288 1378 4350 by

799 4348 907 4463 ί1731111111ῐέ
916 4355 1025 4414 gepresst
1040 4349 1089 4398 and
1097 4349 1163 4414 srei,
1181 4351 1275 4412 drevan
1292 4352 1338 4401 bnt
1356 4353 1378 4402 is

827 4428 891 4464 isso
