3046 5040
182 413 184 418 ,
259 379 302 445 30
616 359 665 421 M.
692 357 834 422 aaut]
852 357 1106 421 nicanorus

259 551 345 616 quae
375 532 445 597 vita
473 543 609 616 propter
634 529 909 613 tranquillitatem
940 537 975 592 et
1004 537 1140 611 propter
1169 527 1272 611 ipsius
1303 529 1463 594 scientiae

260 637 467 710 suavitatem,
483 656 550 717 qua
565 634 646 698 nihil
662 645 712 698 est
727 633 914 698 hominibus
935 632 1118 709 iucundius
1133 632 1246 714 pluris,
1261 653 1362 714 quam
1379 635 1463 698 utile

210 753 246 803 57
261 739 322 803 suit
343 738 440 803 rebus
463 739 613 821 publiciS,
629 737 816 801 delectavit.
864 738 990 819 Itaque,
1006 745 1043 799 ut
1061 737 1090 798 ei
1111 737 1222 799 studio
1241 757 1277 800 se
1292 736 1463 800 excellen-

259 844 394 908 tissimis
407 845 547 926 ingeniis
563 843 714 906 homines
723 842 929 915 dediderunt,
942 863 987 904 ex
1000 861 1039 905 ea
1051 861 1181 904 summa
1193 840 1351 905 facultate
1363 843 1461 907 vacui

259 968 298 1011 ac
325 947 417 1010 liberi
441 948 599 1029 temporis
627 945 732 1010 multo
758 946 861 1029 plura,
885 966 984 1028 quam
1012 954 1083 1008 erat
1106 965 1249 1023 necesse,
1275 945 1492 1015 doctissimis

258 1051 409 1114 homines
427 1052 496 1113 otio
512 1051 616 1112 nimio
631 1061 665 1114 et
679 1050 821 1132 ingeniis
842 1049 1014 1113 uberrimis
1033 1047 1217 1111 adfluentes
1233 1049 1381 1112 curanda
1396 1049 1461 1113 sibi

258 1174 330 1216 esse
353 1174 392 1216 ac
414 1155 604 1237 quaerenda
626 1162 659 1216 et
680 1153 912 1235 investiganda
930 1154 1107 1215 duxerunt.
1154 1151 1243 1214 Nam
1266 1160 1363 1215 vetus
1386 1154 1461 1235 qui·

258 1258 334 1320 dem
351 1256 408 1320 illa
423 1257 573 1321 doctrina
589 1259 706 1322 eadem
717 1257 848 1320 videtur
863 1265 897 1318 et
912 1266 1001 1319 recte
1016 1254 1158 1317 faciendi
1173 1264 1207 1318 et
1222 1256 1308 1318 bene
1324 1257 1460 1321 dicendi

259 1362 438 1443 magistra;
471 1382 579 1443 neque
603 1361 758 1423 disiuncti
784 1361 946 1436 doctores,
972 1360 1030 1422 sed
1061 1359 1168 1422 eidem
1200 1369 1294 1422 erant
1324 1361 1460 1424 vivendi

257 1474 487 1547 praeceptores
503 1474 602 1547 atque
617 1464 757 1540 dicendi,
772 1473 810 1527 ut
827 1462 882 1526 ille
902 1463 990 1546 apud
1015 1463 1202 1526 Homerum
1223 1461 1384 1540 Phoenix,
1400 1464 1459 1545 qui
1476 1487 1509 1524 10

257 1588 293 1632 se
319 1588 339 1630 a
366 1567 465 1631 Peleo
491 1578 586 1649 patre
613 1565 737 1629 Achilli
764 1565 873 1629 iuveni
896 1565 1052 1628 comitem
1075 1585 1148 1629 esse
1170 1566 1286 1629 datum
1310 1566 1391 1630 dicit
1414 1568 1459 1631 ad

208 1691 244 1736 58
258 1670 390 1749 bellum,
406 1680 443 1735 ut
461 1671 605 1735 efficeret
620 1674 784 1732 oratorem
800 1667 975 1733 verborum
991 1678 1201 1751 actoremque
1220 1689 1339 1734 rerum.
1390 1670 1459 1735 Sed

257 1785 294 1840 ut
309 1776 460 1839 homines
476 1776 589 1840 labore
604 1774 744 1837 adsiduo
761 1783 794 1836 et
812 1772 980 1835 cotidiano
1001 1772 1141 1850 adsueti,
1156 1793 1231 1836 cum
1247 1775 1459 1857 tempestatis

256 1901 356 1944 causa
370 1898 471 1962 opere
486 1878 712 1961 prohibentur,
723 1877 766 1939 ad
779 1875 881 1957 pilam
897 1896 932 1938 se
947 1884 1005 1940 aut
1020 1876 1063 1939 ad
1079 1875 1165 1940 talos
1181 1884 1239 1939 aut
1255 1877 1297 1939 ad
1314 1887 1459 1944 tesseras

256 1983 431 2046 conserunt
445 1991 503 2046 aut
522 1983 622 2045 etiam
643 2001 766 2044 novum
787 1978 849 2042 sibi
870 1979 933 2061 ipsi
954 1979 1098 2062 aliquem
1119 1980 1315 2061 excogitant
1335 1982 1368 2043 in
1385 1983 1457 2047 otio
1475 2001 1506 2051 15

256 2087 380 2164 ludum,
403 2087 450 2149 sic
473 2085 519 2148 illi
542 2106 562 2148 a
582 2085 725 2167 negotiis
746 2082 886 2166 publicis
909 2091 1080 2164 tamquam
1103 2082 1146 2145 ab
1169 2089 1269 2166 opere
1292 2092 1350 2147 aut
1372 2094 1458 2149 tem-

256 2190 392 2273 poribus
408 2188 535 2253 exclusi
550 2197 608 2251 aut
621 2187 792 2251 voluntate
813 2207 873 2250 sua
894 2186 1000 2249 feriati
1021 2195 1111 2249 totos
1130 2206 1166 2249 se
1186 2186 1242 2249 alii
1263 2187 1306 2250 ad
1329 2195 1459 2271 poetae,

256 2292 313 2358 alii
339 2294 383 2357 ad
409 2300 604 2375 geometras,
628 2290 684 2357 alii
711 2291 754 2354 ad
784 2291 927 2353 musicos
954 2285 1172 2367 contulerunt,
1199 2289 1255 2352 alii
1280 2291 1392 2366 etiam,
1420 2303 1458 2359 ut

255 2396 429 2474 dialectici,
452 2415 575 2459 novum
598 2394 660 2459 sibi
684 2394 747 2476 ipsi
769 2394 916 2458 studium
938 2392 1119 2475 ludumque
1137 2406 1337 2474 pepererunt
1356 2403 1460 2478 atque

256 2501 290 2563 in
314 2500 361 2565 eis
384 2498 518 2575 artibus
536 2519 623 2582 quae
645 2506 794 2581 repertae
817 2506 902 2572 sunt,
920 2506 957 2561 ut
979 2516 1155 2579 puerorum
1178 2505 1306 2560 mentes
1329 2499 1373 2561 ad
1395 2499 1457 2564 hu·
1474 2523 1508 2559 ιο

256 2605 451 2667 manitatem
486 2603 689 2686 fingerentur
724 2610 826 2685 atque
862 2600 1028 2678 virtutem,
1060 2619 1159 2662 omne
1192 2607 1325 2682 tempus
1355 2611 1459 2685 atque

322 2769 344 2818 5.
362 2755 499 2805 doctissimi
510 2791 516 2803 .
528 2790 535 2802 .
547 2754 702 2818 ⁶«affluentes
711 2753 770 2803 inci.
782 2754 815 2803 K.
892 2768 930 2802 12.
947 2754 1047 2819 ffceret
1057 2771 1076 2800 ω
1088 2753 1146 2804 KS:
1164 2755 1240 2804 illum
1250 2755 1354 2820 ffceret
1363 2756 1391 2804 P.

289 2899 312 2948 3.
325 2889 573 2937 exoellentiaaimis
582 2886 771 2943 ingenitsisan
779 2887 831 2936 abl.
911 2890 1087 2942 tempestatis
1098 2902 1197 2938 eausa:
1214 2890 1301 2937 ‘causa
1313 2889 1338 2936 in
1349 2889 1392 2938 the
1404 2890 1459 2940 best

255 2953 323 3017 qual.
340 2953 390 3001 and
406 2953 469 3000 need
484 2960 528 3001 not
545 2953 576 3001 be
593 2951 647 3000 also
663 2951 738 3000 taken
756 2967 783 3000 as
800 2967 831 3000 an
878 2967 951 3016 prose
959 2951 1049 3000 almost
1059 2952 1151 3015 always
1159 2954 1277 3018 referring
1285 2955 1361 3004 tothe
1368 2954 1458 3017 future,

255 3018 305 3066 abl.
334 3018 445 3067 instrum.
467 3017 529 3066 with
552 3019 731 3077 dediderunt,
749 3033 776 3065 as
798 3017 833 3080 by
878 3016 927 3065 and
944 3016 1067 3080 implying
1083 3033 1099 3066 a
1115 3017 1239 3082 purpose,'
1251 3019 1280 3068 L.
1293 3019 1354 3069 &S.
1390 3021 1459 3070 ‘For

256 3083 336 3132 Ham.
877 3083 919 3131 the
935 3082 994 3130 sake
1006 3081 1044 3130 of'
1056 3084 1078 3130 is
1088 3098 1103 3131 a
1114 3083 1152 3131 iar
1162 3099 1306 3133 commonet
1318 3085 1385 3136 force
1395 3085 1457 3136 than

288 3163 312 3210 4.
333 3163 368 3197 ex
385 3163 418 3198 ea
498 3150 643 3205 temporis,
664 3149 707 3196 ‘as
725 3163 740 3196 a
756 3147 831 3197 result
879 3148 927 3210 ‘by
945 3162 1033 3196 reason
1053 3146 1108 3197 of:'
1136 3148 1166 3197 oi
1184 3149 1226 3198 the
1247 3166 1306 3214 very
1324 3166 1458 3201 numerous

255 3212 285 3262 oi
295 3212 345 3262 this
356 3212 485 3261 unlimited
498 3213 631 3262 command
642 3212 672 3261 oi
683 3213 744 3263 time
755 3212 832 3276 ireely
877 3212 1004 3276 examples
1021 3212 1143 3262 collected
1160 3215 1192 3277 by
1208 3215 1330 3278 Merguet,
1342 3217 1360 3265 i.
1372 3218 1456 3278 482-3

255 3286 282 3328 at
292 3278 358 3328 their
368 3278 496 3342 disposui!
878 3277 927 3326 and
949 3277 1007 3328 Lex.
1028 3277 1092 3327 Phil.
1112 3280 1129 3327 i.
1150 3281 1196 3343 398
1215 3282 1284 3330 there
1304 3281 1325 3328 is
1344 3289 1389 3330 not
1408 3298 1457 3332 one

289 3347 541 3408 7.aoquaerenda:
562 3342 831 3406 acbeforeagnttural
877 3342 958 3392 which
976 3345 997 3392 is
1016 3342 1094 3406 really
1111 3345 1215 3408 parallel
1232 3354 1259 3394 to
1276 3345 1333 3395 this.
1368 3346 1457 3398 Hence

254 3408 440 3525 {eempzalpays
451 3424 516 3523 qpen
531 3416 558 3458 to
573 3409 685 3473 question
696 3409 830 3521 iingero.
876 3409 923 3521 ἓν.
936 3408 1000 3458 Reid
1010 3409 1157 3474 reasonably
1168 3419 1278 3474 suspects
1295 3427 1328 3460 an
1344 3412 1456 3478 adscript

297 3511 302 3523 .
345 3475 368 3522 ei
386 3473 406 3524 's
422 3490 452 3523 ex
470 3474 563 3523 austive
582 3480 641 3523 note
658 3490 690 3522 on
733 3489 762 3522 ca
780 3509 786 3522 .
804 3473 829 3521 ii.
894 3488 941 3522 ere.

254 3491 295 3603 341?
335 3539 404 3616 Here
426 3555 471 3588 our
490 3539 550 3615 best¹
566 3539 638 3588 MSS.
661 3538 705 3587 fail
727 3555 763 3596 us,
786 3538 830 3587 bnt
912 3550 948 3601 14.
965 3538 1091 3620 pilam.
1105 3549 1151 3603 217
1165 3540 1254 3603 (note).

254 3604 488 3734 laistiffll'lih‘}
505 3604 570 3732 {2¹3¹
586 3603 831 3732 ttttffihltutff
875 3601 1457 3738 ,iltrlttmtltttlklttitt

252 3736 332 3783 remla
342 3735 392 3810 sibi
401 3749 450 3784 esse
459 3740 483 3783 ct
499 3734 688 3797 investiganda:
706 3737 830 3810 curanda
875 3734 1049 3810 respectively:
1064 3735 1122 3799 they
1128 3752 1191 3786 were
1200 3737 1260 3786 used
1267 3739 1456 3803 sourtogethe13

253 3815 299 3848 can
311 3799 429 3876 certainly
440 3798 497 3848 well
514 3800 546 3875 be
562 3799 658 3863 spared‚
670 3799 764 3862 though
778 3806 797 3847 rt
809 3814 830 3847 1s
875 3799 924 3847 and
940 3800 981 3847 the
997 3799 1095 3863 h1ghest
1105 3801 1186 3850 throw
1197 3803 1307 3867 (Venus)
1319 3821 1372 3854 was
1382 3805 1456 3856 when

253 3872 297 3914 not
309 3867 334 3914 in
345 3864 413 3914 rtself
421 3864 591 3914 indefensrble.
875 3863 911 3912 all
921 3864 976 3912 four
986 3865 1087 3913 showed
1104 3866 1216 3916 different
1232 3869 1348 3918 numbers
1365 3869 1453 3934 (Mart.

288 3944 326 3979 11.
343 3933 421 3980 dicit.
439 3930 516 3978 Hom.
535 3929 564 3977 Il.
575 3930 608 3977 ix.
618 3926 745 3991 438ffaol
763 3926 788 3975 a
802 3927 829 3987 μ’
875 3929 923 3979 xiv.
937 3929 986 3992 14),
1001 3929 1043 3979 the
1057 3939 1132 3981 worst
1149 3931 1240 3997 (canis)
1256 3935 1329 3982 when
1346 3935 1382 3984 all
1399 3935 1457 3985 four

253 3993 343 4054 ἔπεμπε
354 3993 564 4057 γέρωνὶππηλάτα
572 3991 830 4056 Πηλεὺς...τοῦνεκά
875 3994 976 4042 showed
998 4010 1049 4056 ace,
1067 3996 1113 4045 but
1135 3997 1227 4046 further
1248 3999 1338 4048 details
1360 4001 1390 4049 os
1412 4001 1456 4052 the

252 4058 408 4134 perpotasse,
418 4058 828 4122 διδασκέμεναι..μύθωντερῃτῆρ’
875 4059 974 4123 scoring
995 4075 1036 4109 are
1058 4066 1102 4109 not
1124 4062 1254 4137 preserved
1276 4071 1303 4113 to
1322 4081 1359 4114 us.
1397 4066 1456 4118 The

253 4120 332 4184 ἔμεναι
344 4123 470 4187 πρηκτῆρά
481 4141 509 4172 τε
520 4123 605 4188 ἔργων.
874 4130 995 4173 tesserae
1008 4123 1099 4189 (stent)
1112 4143 1176 4177 were
1188 4135 1240 4190 Just
1258 4129 1310 4178 like
1327 4146 1374 4180 onr
1390 4132 1455 4185 dice

288 4202 325 4249 13.
346 4193 466 4266 adsueti,
494 4191 545 4238 like
578 4188 721 4253 adsuefacti,
750 4204 829 4263 ¹seems
875 4189 922 4252 Cp.
935 4189 1036 4250 Becker,
1048 4190 1145 4251 Gallus,
1157 4193 1192 4240 iii.
1206 4192 1328 4257 326—335.

253 4251 345 4329 always
356 4256 415 4304 used
427 4256 487 4304 with
499 4271 530 4304 an
542 4254 592 4304 abl.
603 4263 648 4302 not
660 4271 676 4303 a
686 4254 737 4303 dat.
749 4269 774 4300 m
786 4253 828 4302 the
909 4252 946 4300 16.
964 4258 999 4302 ab
1012 4271 1113 4312 opere:
1130 4257 1172 4306 the
1181 4259 1335 4323 preposition
1348 4261 1369 4310 is
1380 4278 1454 4327 regn-

252 4324 311 4392 trme
323 4320 353 4368 of
359 4320 449 4370 Cicero
459 4338 465 4370 :
477 4320 563 4384 Vergil
575 4320 620 4368 has
632 4319 693 4368 both
704 4325 827 4367 construc—
873 4317 937 4381 larly
947 4321 1062 4383 repeated
1073 4321 1135 4371 aster
1146 4329 1298 4385 tanquam
1317 4325 1334 4376 i.
1346 4326 1387 4392 46.

253 4387 332 4512 Erqqsr
349 4385 508 4451 cpAenvii.
520 4384 574 4448 746,
585 4383 683 4433 andria
694 4397 752 4448 490·
779 4383 826 4448 Cp.
873 4388 1088 4499 thgffifibm'
1102 4388 1150 4453 ‘by
1163 4388 1204 4439 the
1219 4390 1412 4443 circumstances
1427 4395 1458 4445 of
