3046 5040
565 355 634 414 DE
657 355 742 415 ORA
754 352 877 414 TORE
894 353 964 416 III.
1322 365 1361 435 27

164 546 265 608 quam
285 525 312 588 si
332 525 402 608 ipse
421 524 484 604 ille,
499 525 556 607 qui
575 533 751 606 patronum
772 523 919 601 adhibet,
935 523 976 586 de
993 543 1028 587 re
1047 544 1107 587 sua
1121 523 1255 588 diceret.
1302 524 1361 587 isti
1376 539 1413 586 50

164 630 262 702 enim,
278 630 335 710 qui
351 630 392 693 ad
410 649 470 693 nos
486 649 602 692 causas
617 628 777 705 deserunt,
797 628 843 691 ita
863 648 924 690 nos
945 627 1139 709 plerumque
1154 628 1216 710 ipsi
1232 629 1364 706 docent,

164 742 283 797 utnon
300 732 467 796 desideres
483 732 611 814 planius
627 733 715 809 dici;
739 732 873 795 easdem
892 751 943 794 res
964 738 1075 794 autem
1094 730 1232 795 simulac
1249 730 1363 795 Fufius

163 844 222 899 aut
245 845 354 899 vester
378 836 524 918 aequalis
550 836 753 917 Pomponius
777 855 875 916 agere
905 835 1025 916 coepit,
1050 855 1117 897 non
1148 854 1253 916 aeque
1283 835 1362 917 quid

134 962 148 1010 5
163 940 286 1016 dicant,
302 941 366 1002 nisi
381 941 564 1004 admodum
580 940 718 1017 attendi,
738 938 916 1022 intellego;
946 939 992 1001 ita
1015 937 1152 1002 confusa
1174 949 1225 1002 est
1248 939 1363 1015 oratio,

163 1043 210 1106 ita
229 1044 429 1125 perturbata,
445 1043 526 1107 nihil
545 1053 582 1106 ut
602 1043 646 1106 sit
666 1044 818 1127 primum,
837 1042 918 1105 nihil
940 1050 977 1105 ut
996 1042 1187 1120 secundum,
1204 1051 1364 1125 tantaque

163 1146 340 1210 insolentia
367 1168 405 1210 ac
432 1148 529 1211 turba
552 1147 735 1225 verborum,
758 1156 796 1210 ut
821 1147 937 1222 oratio,
960 1166 1045 1228 quae
1072 1145 1183 1209 lumen
1206 1146 1364 1210 adhibere

164 1251 261 1314 rebus
280 1251 388 1330 debet,
411 1272 450 1314 ea
472 1252 708 1314 obscuritatem
724 1259 757 1313 et
776 1252 931 1314 tenebras
952 1250 1080 1313 adserat
1100 1259 1200 1332 atque
1221 1259 1257 1313 ut
1280 1271 1363 1332 quo·

164 1357 242 1420 dam
258 1357 360 1420 modo
376 1357 438 1438 ipsi
455 1356 517 1420 sibi
533 1356 566 1418 in
583 1355 725 1418 dicendo
745 1356 936 1436 obstrepere
956 1355 1140 1418 videantur.
1185 1353 1319 1430 Verum,
1335 1354 1409 1416 sim

119 1483 149 1518 10
164 1458 283 1541 placet,
300 1460 457 1541 quoniam
476 1459 558 1522 haec
577 1460 657 1522 satis
677 1479 775 1541 spero
796 1459 892 1522 vobis
915 1460 1048 1541 quidem
1072 1466 1160 1521 certe
1183 1458 1363 1521 maioribus

164 1563 306 1628 molesta
335 1572 369 1627 et
399 1564 515 1647 putida
545 1564 655 1640 videri,
679 1564 722 1627 ad
753 1562 879 1646 reliqua
905 1563 1076 1645 aliquanto
1100 1563 1267 1626 odiosiora
1289 1583 1363 1645 per-

163 1664 301 1748 gamus!
342 1666 464 1750 ‘Atqui
479 1667 589 1730 vides'
606 1667 712 1748 inquit
728 1666 898 1730 Antonius
915 1671 1032 1748 ‘quam
1051 1666 1132 1730 alias
1148 1687 1199 1729 res
1215 1687 1362 1748 agamus,
1376 1660 1424 1726 14

165 1766 281 1856 [quam
305 1779 339 1834 te
363 1770 457 1834 inviti
480 1770 678 1852 audiamus]
700 1772 758 1852 qui
780 1771 901 1833 adduci
923 1770 1175 1852 possimus—de
1198 1790 1251 1832 me
1274 1771 1382 1834 enim·

164 1873 458 1937 conicio-relictis
476 1885 513 1938 ut
534 1875 631 1938 rebus
652 1874 807 1937 omnibus
830 1882 863 1937 te
886 1881 1069 1950 sectemur;
1093 1873 1139 1938 ita
1161 1875 1203 1936 de
1221 1872 1363 1936 horridis

118 2005 147 2054 ¹5
163 1978 261 2041 rebus
282 1978 396 2055 nitida,
415 1978 457 2041 de
476 1978 593 2041 ieiunis
614 1977 721 2060 plena,
737 1978 780 2041 de
800 1977 1000 2060 pervolgatis
1022 1997 1108 2040 nova
1128 1977 1292 2059 quaedam
1311 1986 1363 2041 est

163 2082 271 2146 oratio
295 2079 370 2144 tua?
417 2081 565 2145 ‘Faciles
588 2081 694 2158 enim‚'
710 2082 817 2164 inquit
839 2081 993 2156 ‘Antoni
1016 2089 1208 2163 parteseae
1231 2080 1362 2145 suerunt
1374 2091 1410 2138 52

163 2185 260 2259 duae,
281 2205 364 2267 quas
387 2186 488 2249 modo
511 2187 697 2268 percucurri
719 2185 771 2248 vel
795 2186 905 2267 potius
931 2205 1037 2268 paene
1059 2185 1221 2267 praeterii,
1243 2185 1362 2249 Latine

163 2287 322 2371 loquendi
345 2288 510 2372 planeque
533 2290 665 2354 dicendi
678 2315 686 2368 ;
719 2288 864 2371 reliquae
890 2298 968 2351 sunt
992 2289 1141 2371 magnae,
1166 2287 1362 2370 implicatae,

199 2436 237 2484 13.
254 2439 330 2488 quam
342 2429 365 2473 te
376 2425 457 2474 inaz'ti
465 2425 601 2474 audeamus
612 2433 676 2476 recte
688 2433 716 2476 ut
730 2424 853 2489 glossema
863 2424 934 2474 eiecit
946 2423 1051 2475 Balins:
1070 2431 1127 2489 post
1137 2430 1257 2474 sectemur
1267 2424 1361 2474 addunt

163 2489 263 2539 codices
273 2495 296 2538 tc
306 2489 449 2552 audiamus,
462 2507 526 2555 quae
536 2491 604 2541 idem
615 2492 698 2556 spuria
708 2507 760 2541 esse
774 2491 904 2540 intellexit.

198 2631 220 2680 3.
239 2620 347 2679 Fufius,
359 2618 375 2667 i.
390 2628 443 2682 179,
457 2619 482 2668 ii.
497 2633 550 2684 194.
822 2633 858 2667 11.
872 2621 1022 2680 odiosiora,
1034 2622 1117 2668 ‘more
1128 2615 1360 2678 troublesome,'be·

197 2699 220 2743 4.
228 2686 410 2744 Pomponius,
423 2686 520 2734 tribune
529 2687 554 2734 in
563 2685 670 2750 theyear
678 2686 741 2736 aiter
787 2700 859 2734 cause
877 2685 1005 2748 involving
1024 2691 1120 2748 greater
1137 2683 1264 2746 difficulty.
1299 2685 1322 2733 It
1339 2685 1360 2734 is

164 2748 223 2809 this,
235 2759 258 2798 a.
267 2759 291 2796 c,
303 2762 350 2812 903
367 2748 443 2798 hence
454 2749 486 2799 he
494 2767 546 2799 was
562 2768 578 2800 a
594 2753 741 2815 competitor
786 2749 880 2837 clearly
887 2751 953 2814 quite
959 2766 1045 2815 wrong
1053 2749 1111 2799 here
1119 2757 1145 2799 to
1157 2750 1272 2813 interpret
1280 2755 1360 2799 ‘more

164 2814 226 2863 with
237 2815 463 2864 Cottasvesteris
475 2815 504 2864 of
512 2832 598 2866 course
609 2817 739 2866 addressed
786 2824 863 2880 petty,
885 2815 946 2864 with
966 2824 1031 2865 most
1053 2823 1135 2865 recent
1150 2816 1248 2865 editors
1278 2814 1360 2865 These

163 2886 192 2929 to
203 2880 279 2928 Cotta
290 2880 339 2928 and
351 2879 482 2944 Sulpicius.
516 2883 605 2932 Cicero
616 2884 705 2948 speaks
713 2883 743 2932 oi
785 2882 866 2945 topics
877 2896 919 2930 are
927 2881 969 2931 the
979 2884 1106 2946 ‘magnae
1114 2881 1263 2947 implicatae,
1269 2881 1360 2942 variae,

164 2944 216 2993 him
233 2960 303 2994 more
314 2944 460 3008 favourably
471 2947 496 2994 iu
514 2947 580 2997 Brut.
595 2962 639 2996 221
653 2949 740 2998 ‘sortis
785 2945 886 3012 graves’
900 2948 929 2996 oi
941 2947 984 2996 the
995 2957 1052 2997 next
1064 2948 1165 2997 section.

163 3025 222 3059 vero
233 3018 303 3060 actor
313 3018 338 3059 et
346 3010 477 3061 vehemens
485 3019 509 3062 et
518 3013 599 3062 verbis
610 3029 655 3064 uec
667 3014 740 3078 inops
821 3025 859 3060 12.
868 3016 939 3062 alias
951 3029 994 3062 res
1006 3028 1128 3073 agamus,
1137 3012 1208 3061 ‘how
1216 3013 1360 3062 inattentive

163 3091 209 3126 uec
234 3076 351 3136 abiectus,
373 3083 398 3126 et
420 3093 494 3141 quem
519 3078 593 3143 plane
616 3087 739 3129 oratorem
785 3093 823 3127 we
834 3077 891 3127 are?
920 3078 1360 3140 Bruta33‘mirareretamaliasres

163 3140 245 3190 dicere
262 3142 364 3191 auderes
382 3142 428 3192 Cn.
444 3144 605 3208 Pomponius,
622 3145 740 3194 lateribus
786 3158 859 3206 agere
878 3142 1031 3207 populums'
1054 3143 1165 3208 opposed
1184 3151 1211 3192 to
1230 3144 1273 3192 hoc
1289 3158 1360 3206 agere

163 3221 284 3271 pugnans,
303 3206 408 3256 incitans
425 3209 530 3269 animos,
548 3226 611 3270 acer,
629 3211 739 3269 acerbus,
788 3209 890 3272 (Mnnro
910 3224 942 3257 on
962 3209 1034 3258 Lucr.
1055 3208 1071 3258 i.
1089 3208 1147 3271 41);
1175 3224 1214 3273 cp.
1233 3224 1279 3272 pro
1304 3209 1359 3258 Sex.

162 3271 339 3321 criminosusr'
356 3288 394 3336 cp.
407 3274 474 3322 Brut.
487 3287 542 3337 305.
785 3274 861 3322 Rosc.
883 3272 915 3322 60
940 3276 1033 3338 ‘usque
1056 3290 1087 3324 eo
1111 3274 1272 3323 animadverti
1302 3289 1359 3322 eum

196 3352 293 3396 aeque,
312 3341 354 3386 ‘as
365 3338 473 3402 clearly,’
490 3355 518 3389 as
535 3340 607 3390 when
628 3355 643 3388 a
663 3339 740 3389 client
785 3338 849 3388 alias
866 3354 904 3388 res
921 3354 993 3403 agere
1016 3348 1147 3403 antequam
1169 3339 1359 3402 Chrysogonum

162 3402 220 3452 tells
232 3403 270 3451 his
282 3402 341 3453 tale.
375 3404 440 3453 Reid
452 3413 563 3469 suggests
573 3406 694 3470 equidem.
785 3403 927 3466 nominavi,’
946 3404 1026 3453 where
1040 3403 1170 3466 Landgraf
1182 3405 1290 3452 remarks
1306 3403 1360 3452 that

198 3477 221 3532 7.
238 3471 399 3529 insolentia,
413 3473 526 3534 ‘strange
538 3470 640 3531 choice,'
654 3475 667 3530 5
680 3486 720 3534 44.
785 3470 827 3520 the
844 3470 933 3535 phrase
949 3471 970 3519 is
989 3486 1036 3520 one
1054 3469 1191 3534 belonging
1206 3477 1233 3519 to
1252 3469 1360 3534 popular

195 3536 739 3603 9.sibiobstr-euers,‘tobebawlingthem-
785 3536 882 3600 speech.

161 3598 240 3648 selves
251 3598 341 3648 down!
368 3599 422 3648 Liv.
433 3600 449 3649 i.
458 3602 628 3669 40.6‘prim0
639 3612 740 3668 uterque
820 3614 858 3663 14.
875 3603 1007 3661 horridis,
1020 3597 1210 3650 ‘unattrsctiva’

161 3664 290 3714 vociferari
318 3671 343 3714 et
371 3666 482 3715 certatim
510 3669 573 3718 alter
597 3669 667 3718 alteri
696 3671 739 3718 ob·
821 3679 859 3728 15.
876 3669 990 3727 ieiunis,
1004 3663 1211 3730 ‘barren‚'‘dry.'

161 3728 283 3792 strepere!
820 3740 857 3794 17.
864 3736 1039 3789 percucurri:
1051 3732 1119 3781 there
1130 3747 1209 3782 seems
1216 3746 1275 3794 very
1283 3729 1359 3794 slight

198 3808 235 3843 10.
248 3797 453 3846 maioribuszit
460 3796 703 3848 wouldbedifficnlt
711 3807 739 3849 to
784 3797 910 3861 authority
931 3799 957 3846 in
981 3798 1050 3861 good
1072 3813 1145 3861 prose
1166 3798 1204 3846 for
1225 3795 1267 3845 the
1290 3811 1359 3844 unre-

161 3859 214 3908 find
226 3860 330 3909 another
338 3861 573 3914 instanceinwhich
585 3864 673 3914 Cicero
684 3879 739 3914 uses
783 3862 926 3926 duplioated
953 3864 1016 3912 form
1045 3862 1074 3912 of
1103 3863 1146 3912 the
1177 3861 1283 3926 perfect:
1318 3875 1358 3926 cp.

161 3925 267 3973 maiores
283 3927 321 3974 ior
337 3926 418 3976 elders
430 3929 534 3978 without
548 3936 613 3978 natu
628 3945 656 3978 or
670 3945 739 3979 some
784 3927 863 3987 Neue,
884 3929 910 3977 ii.
930 3928 1018 3994 468-9.
1073 3927 1208 3977 armeniae
1225 3942 1311 3976 occurs
1332 3928 1358 3975 in

161 3990 233 4039 other
251 3991 387 4041 indication
407 3993 436 4042 of
455 4009 502 4058 age
522 3995 548 4044 in
567 3994 609 4045 the
631 4002 737 4044 context.
785 3994 849 4041 Hor.
867 3994 924 4045 Car.
944 3995 961 4044 i.
984 3996 1023 4044 28.
1063 4010 1069 4044 :
1098 4009 1137 4057 cp.
1156 3994 1230 4057 Verg.
1244 3993 1307 4041 Aen.
1325 3993 1358 4041 iv.

161 4055 243 4105 There
260 4056 281 4104 is
298 4057 352 4106 also
368 4073 438 4107 some
454 4060 634 4110 awkwardness
653 4061 678 4108 in
696 4060 738 4109 the
786 4071 841 4120 153.

160 4121 334 4170 nseosvobis
348 4123 739 4188 shortlyaftervesteraddressed
819 4127 848 4183 ἐξ
867 4123 955 4188 52-96.
982 4127 1087 4174 Crassus
1097 4124 1210 4188 proceeds
1226 4130 1250 4172 to
1266 4123 1359 4172 discuss

160 4194 188 4236 to
212 4187 255 4236 the
280 4203 390 4252 younger
411 4205 468 4239 men
490 4191 518 4240 oi
539 4192 581 4240 the
605 4205 736 4253 company.
783 4188 1032 4252 thetrueeouception
1042 4191 1096 4237 and
1104 4189 1146 4237 the
1150 4196 1243 4252 proper
1253 4197 1359 4253 compress

161 4253 207 4301 Dr.
219 4252 283 4301 Reid
298 4252 423 4317 plausibly
435 4264 547 4319 suggests
558 4254 610 4304 that
620 4255 668 4304 this
680 4270 738 4319 may
783 4254 814 4318 os
829 4255 871 4303 the
889 4264 972 4302 ornate
991 4255 1097 4314 dicendi,
1111 4253 1174 4302 wath
1193 4269 1210 4302 a
1223 4254 1358 4316 digression

160 4318 192 4366 be
204 4333 219 4366 a
230 4333 286 4367 case
295 4319 325 4366 os
333 4320 375 4369 the
388 4319 577 4384 ‘crushing'not
588 4336 738 4370 uncommon
783 4335 816 4370 an
830 4319 870 4368 the
884 4319 990 4368 relation
1003 4321 1035 4384 of
1038 4318 1184 4383 philosophy
1196 4326 1221 4369 to
1235 4320 1359 4383 elequence

159 4383 186 4431 in
207 4383 279 4433 MSS.
296 4383 335 4433 for
352 4385 462 4433 ‘maiora
480 4384 694 4450 exspectantibus'
710 4403 739 4436 or
787 4387 828 4450 (ἐς
857 4383 958 4449 56-61),
983 4385 1108 4448 especially
1130 4385 1161 4432 in
1182 4384 1359 4450 post-Socratae

160 4463 231 4499 some
242 4449 337 4498 similar
347 4450 496 4516 expression.
785 4449 874 4500 schools
886 4450 928 4516 (ἢ
936 4449 999 4514 62-7
1018 4450 1038 4514 ).
