3046 5040
203 370 242 416 22
555 351 605 414 M.
632 352 777 411 TULLI
796 350 1052 415 CICERONIS

201 543 406 607 quamquam
421 521 590 606 expolitur
605 522 740 587 scientia
757 521 950 600 litterarum,
967 530 1080 585 tamen
1096 529 1236 602 augetur
1251 519 1402 602 legendis

201 627 387 691 oratoribus
404 635 437 690 et
452 627 582 710 poe'tis;
613 635 691 690 sunt
712 627 800 690 enim
822 626 868 689 illi
887 636 1023 701 veteres,
1042 626 1098 708 qui
1118 645 1235 688 ornare
1250 626 1401 688 nondum

202 740 357 814 poterant
372 751 420 808 ea,
436 751 521 812 quae
537 730 702 809 dicebant,
719 750 835 795 omnes
854 751 957 812 prope
979 729 1145 811 praeclare
1166 728 1288 807 locuti;
1318 749 1401 813 quo-

202 856 275 899 rum
291 855 443 898 sermone
459 834 642 898 adsuefacti
659 835 715 917 qui
730 843 836 912 erunt,
849 854 891 898 ne
906 833 1076 915 cupientes
1093 834 1227 915 quidem
1243 841 1401 915 poterunt

202 939 293 1023 loqui
310 938 372 1002 nisi
390 938 520 1002 Latine.
566 938 685 1020 Neque
700 947 813 1001 tamen
829 938 891 1000 erit
906 938 1068 1000 utendum
1083 936 1191 1000 verbis
1208 938 1264 1014 εἰς,
1280 935 1400 1018 quibus
1416 960 1429 1011 5

202 1045 268 1107 iam
295 1043 502 1106 consuetudo
526 1052 639 1105 nostra
666 1061 733 1103 non
760 1041 871 1117 utitur,
894 1041 957 1103 nisi
980 1041 1115 1122 quando
1138 1041 1278 1104 ornandi
1301 1060 1402 1104 causa

202 1167 310 1230 parce,
335 1146 424 1227 quod
452 1145 649 1223 ostendam;
679 1144 737 1207 sed
765 1144 894 1207 usitatis
918 1146 965 1207 ita
987 1145 1109 1226 poterit
1132 1144 1189 1221 uti,
1213 1144 1401 1209 lectissimis

202 1260 240 1313 ut
263 1257 384 1326 utatur,
409 1249 445 1326 is,
469 1248 525 1331 qui
548 1248 581 1309 in
605 1246 771 1311 veteribus
794 1248 856 1310 erit
878 1248 1009 1329 scriptis
1032 1248 1180 1311 studiose
1202 1256 1236 1310 et
1259 1247 1402 1311 multum

148 1350 189 1416 11
202 1352 381 1417 volutatus.
426 1351 549 1434 Atque,
575 1360 612 1415 ut
642 1352 761 1415 Latine
788 1351 970 1432 loquamur,
997 1371 1064 1414 non
1089 1351 1197 1414 solum
1220 1351 1402 1415 videndum

151 1436 189 1483 4⁰
202 1443 261 1535 est,
277 1466 315 1520 ut
330 1465 364 1520 et
379 1455 480 1519 verba
499 1455 674 1519 efferamus
691 1476 740 1534 ea,
756 1475 841 1537 quae
860 1476 958 1518 nemo
979 1455 1049 1518 iure
1070 1454 1297 1537 reprehendat,
1313 1465 1347 1518 et
1362 1477 1402 1520 ea
1419 1486 1450 1521 ιο

201 1562 248 1624 sic
269 1570 303 1624 et
319 1561 450 1624 casibus
468 1569 502 1623 et
522 1559 728 1642 temporibus
746 1568 780 1623 et
798 1579 919 1642 genere
942 1567 976 1622 et
999 1579 1137 1621 numero
1160 1579 1403 1639 conservemus

201 1672 238 1727 ut
254 1664 391 1746 nequid
410 1663 638 1746 perturbatum
660 1684 698 1726 ac
718 1663 909 1745 discrepans
930 1671 988 1725 aut
1008 1672 1258 1744 praeposterum
1274 1664 1325 1739 sit,
1342 1665 1401 1728 sed

201 1769 303 1831 etiam
329 1767 442 1850 lingua
468 1776 502 1831 et
528 1768 663 1849 spiritus
690 1777 723 1832 et
750 1769 841 1832 vocis
868 1787 969 1831 sonus
993 1776 1044 1830 est
1070 1768 1140 1848 ipse
1167 1762 1400 1831 moderandus.

139 1890 173 1935 41
203 1871 293 1934 Nolo
308 1871 451 1953 exprimi
468 1870 593 1934 litteras
606 1872 763 1953 putidius
775 1871 853 1934 nolo
869 1870 1036 1934 obscurari
1052 1869 1302 1952 neglegentius3
1322 1870 1402 1935 nolo

201 2042 265 2092 quae
275 2026 335 2075 facit
345 2031 374 2074 ut
384 2041 459 2074 unum
468 2025 575 2090 quidque
587 2041 648 2089 pure
660 2031 684 2073 et
695 2032 779 2089 aperte
862 2035 883 2088 7.
896 2028 1050 2085 ostendam,
1060 2028 1072 2082 5
1084 2038 1137 2087 153.
1165 2025 1244 2074 Adler
1252 2025 1335 2074 would
1344 2025 1403 2075 read

202 2092 253 2140 dici
264 2089 391 2140 videatur.'
409 2090 541 2154 Although
551 2091 653 2139 Crassus
664 2091 724 2139 does
736 2098 780 2139 not
828 2091 908 2155 ‘quod
915 2096 971 2153 post
982 2090 1126 2140 ostendam!

202 2156 301 2207 thinkit
308 2156 408 2205 needful
415 2164 442 2206 to
452 2156 576 2205 discourse
585 2155 779 2220 systematically
859 2159 910 2204 aad
931 2158 1053 2215 usitatis,
1078 2165 1133 2216 ete,
1152 2157 1212 2206 ‘but
1233 2155 1309 2206 while
1330 2156 1404 2220 using

203 2238 236 2272 on
248 2221 290 2271 the
302 2221 395 2270 Latine
408 2221 495 2282 de'cere,
507 2221 538 2270 he
553 2220 637 2270 makes
651 2237 666 2269 a
683 2221 730 2270 few
743 2237 779 2271 re·
826 2221 907 2269 words
922 2220 947 2269 in
962 2227 1062 2269 current
1075 2237 1157 2284 usage,
1175 2220 1207 2270 he
1221 2222 1275 2270 will
1293 2221 1325 2270 be
1346 2221 1403 2271 able

202 2287 287 2336 marks
298 2302 366 2351 upon
376 2286 418 2336 the
430 2286 530 2349 subject
827 2293 855 2336 to
866 2286 966 2351 employ
979 2287 1021 2336 the
1032 2286 1156 2336 choicae!

233 2355 411 2412 camoliam,
421 2352 455 2401 ‘is
462 2351 599 2416 produced'
609 2349 780 2402 or‘formed:’
860 2367 884 2416 9.
895 2355 1050 2412 volutatus,
1062 2368 1077 2400 a
1089 2359 1156 2401 stron
1187 2352 1346 2438 expression:
1364 2355 1403 2402 we

203 2418 324 2467 theword
335 2419 357 2467 is
367 2416 589 2478 choseu,asSorof
597 2427 676 2479 notes,
687 2426 714 2467 to
725 2418 781 2466 har·
827 2417 1158 2481 mightsay‘steepedhimse
1186 2433 1218 2466 in.
1244 2417 1401 2480 InadQuint.

202 2485 298 2532 monise
308 2483 369 2533 with
379 2483 502 2547 elegantia
514 2501 520 2531 ι
533 2483 552 2532 it
562 2482 662 2548 implies
674 2483 780 2548 original
828 2482 869 2530 Fr.
878 2483 950 2532 ii.11.
958 2482 1023 2545 4the
1029 2484 1098 2533 word
1105 2484 1126 2531 is
1135 2483 1195 2532 used
1200 2482 1260 2532 with
1268 2483 1310 2533 the
1316 2495 1403 2533 names

203 2547 352 2615 productiora
363 2548 428 2608 here,
441 2556 486 2598 not
496 2548 635 2598 additional
646 2549 737 2614 polish.
828 2547 857 2596 of
862 2548 904 2597 the
911 2545 1021 2608 authors,
1031 2548 1078 2598 ‘ad
1086 2548 1266 2598 Callisthenem
1273 2555 1297 2598 et
1305 2549 1338 2598 ad
1343 2548 1402 2598 Phi·

236 2617 356 2664 scientia
382 2617 559 2663 litterarum:
589 2623 737 2664 correctness
760 2614 781 2663 is
827 2612 1403 2677 listumredeo,inquibustevideovolutatam!

203 2680 328 2730 increased
339 2680 372 2742 by
383 2679 425 2728 the
439 2679 511 2743 study
522 2679 552 2728 of
563 2679 606 2728 the
622 2688 717 2730 orators
731 2680 781 2729 and
863 2691 900 2728 10.
918 2680 1179 2739 efferamus,‘utter,’
1188 2680 1258 2729 Orat.
1269 2682 1331 2740 223‘
1339 2695 1403 2744 quae

203 2752 282 2810 poeta.
300 2744 378 2793 What
385 2745 443 2793 then
450 2760 492 2793 are
500 2744 542 2793 the
554 2744 651 2793 litterae
663 2751 690 2793 to
699 2744 780 2794 which
827 2743 924 2792 incisim
935 2751 978 2792 aut
989 2745 1146 2794 membratim
1157 2743 1305 2794 efferuntur?

203 2811 223 2859 it
242 2825 308 2859 owes
325 2811 356 2858 its
373 2808 487 2873 polished
504 2808 585 2858 form?
618 2810 709 2859 Piderit
726 2826 781 2874 says
862 2810 1172 2873 11.casibua,‘inrespect
1179 2808 1208 2859 of
1213 2808 1296 2871 cases,'
1302 2811 1403 2870 etc.,i.e.

202 2875 348 2924 theoretical
364 2875 476 2938 writings
492 2890 560 2938 upon
576 2890 709 2938 grammar,
721 2876 781 2924 such
826 2889 938 2938 preserve
949 2875 990 2924 the
1002 2882 1095 2924 correct
1106 2877 1271 2925 construction
1282 2875 1312 2924 of
1325 2890 1402 2937 cases,

203 2956 231 2990 as
249 2940 321 2989 those
341 2939 423 2989 which
440 2940 472 2989 he
492 2939 576 2989 thinks
595 2956 637 2989 are
653 2948 736 2990 meant
755 2942 780 2988 in
825 2946 912 3000 tenses,
924 2940 1025 3004 gender,
1036 2940 1085 2989 and
1096 2942 1206 2990 number.

204 3007 262 3066 538
274 3021 281 3066 ;
303 3005 347 3054 but
364 3005 412 3053 this
431 3005 616 3070 interpretation
636 3013 693 3071 puts
712 3021 781 3055 some
862 3018 899 3053 12.
924 3010 1129 3065 perturbatum,
1161 3004 1305 3056 ‘confused'
1331 3008 1365 3071 by
1387 3022 1403 3056 a

203 3071 278 3120 strain
287 3086 355 3134 upon
362 3070 404 3119 the
411 3070 487 3120 word.
504 3071 579 3119 Sorof
586 3086 654 3120 more
660 3071 781 3134 correctly
826 3069 923 3134 neglect
934 3071 964 3119 of
972 3071 1014 3120 the
1025 3087 1116 3136 proper
1126 3086 1169 3121 use
1181 3073 1210 3121 of
1217 3080 1306 3122 tenses.
1452 3119 1455 3124 .

202 3136 274 3185 takes
283 3136 303 3184 it
311 3135 340 3184 of
344 3135 385 3186 the
393 3136 493 3200 general
500 3135 648 3200 knowledge
660 3137 689 3185 of
696 3136 780 3186 litera·
860 3139 1030 3196 discrepans,
1045 3140 1125 3185 ‘want
1145 3138 1174 3186 of
1193 3134 1349 3201 agreement?
1368 3154 1403 3186 no

202 3209 264 3262 ture,
277 3201 380 3264 implied
390 3202 415 3250 in
427 3217 458 3250 an
471 3201 586 3264 ordinary
596 3203 734 3252 education.
825 3201 945 3251 violation
956 3203 985 3251 of
991 3202 1164 3266 grammatica]
1176 3202 1290 3253 concord.

238 3281 260 3317 a.
272 3270 318 3315 illi
328 3272 453 3316 veteres:
474 3267 540 3318 Brut.
552 3278 588 3331 74
599 3269 645 3328 258
655 3269 742 3318 ‘mitto
750 3268 779 3317 C.
858 3267 1403 3328 praeposterumfincorrectorder!There

202 3332 323 3390 Laelium,
337 3332 364 3379 P.
376 3332 534 3397 Scipionem:
551 3332 639 3383 aetatis
653 3332 720 3382 illius
733 3335 781 3383 ista
825 3339 891 3380 must
903 3334 933 3382 be
944 3332 982 3396 (1)
992 3350 1008 3382 a
1018 3334 1087 3398 good
1094 3333 1252 3398 vocabulary,
1262 3332 1299 3399 (2)
1310 3342 1404 3384 correct

202 3398 250 3447 fuit
265 3398 319 3446 laus
334 3406 452 3463 tanquam
468 3398 630 3458 innocentiae,
645 3400 680 3448 sic
692 3400 780 3449 Latine
826 3405 921 3461 syntax,
936 3398 973 3462 (3)
987 3415 1078 3464 proper
1089 3400 1286 3461 pronunciation.

202 3463 780 3528 loquendi-necomniumtamen,namillorum
861 3477 899 3525 14.
916 3468 1055 3524 putidius,
1071 3463 1233 3529 ‘affectedly,'
1248 3465 1278 3514 of
1287 3463 1403 3514 offensive

202 3528 314 3593 aequalis
339 3529 479 3579 Caecilium
505 3538 530 3580 et
552 3531 689 3578 Pacuvium
714 3529 780 3579 male
826 3529 962 3593 precisiou:
991 3546 1020 3579 so
1044 3533 1056 3587 5
1078 3543 1124 3592 51;
1143 3529 1212 3588 Orat.
1231 3531 1254 3580 8.
1279 3540 1308 3592 27
1329 3538 1403 3579 ‘cum

202 3594 299 3643 locutos
316 3594 520 3644 videmus—Sed
539 3609 625 3644 omnes
638 3597 699 3645 'tum
721 3594 778 3654 fere,
826 3594 902 3642 etiam
911 3595 1091 3644 Demosthenes
1098 3596 1268 3659 exagiteturut
1275 3592 1401 3660 putidus:’

202 3661 245 3724 qui
256 3675 302 3710 nec
313 3665 382 3709 extra
392 3661 478 3708 urbem
489 3661 552 3710 hanc
559 3663 670 3710 vixerant
680 3676 726 3710 nec
737 3676 780 3710 eos
827 3659 894 3708 Brut.
907 3660 947 3708 82.
960 3661 1008 3723 284
1019 3664 1025 3686 ⁴
1035 3661 1056 3708 si
1069 3661 1125 3725 quis
1141 3676 1191 3722 eos,
1204 3663 1247 3725 qni
1263 3677 1308 3710 nec
1319 3662 1403 3724 inepte

202 3725 287 3789 aliqua
309 3725 434 3774 barbaries
453 3725 590 3776 domestica
609 3721 779 3786 infuscaverat,
826 3724 912 3773 dicunt
922 3740 968 3774 nec
979 3727 1066 3775 odiose
1075 3742 1120 3776 nec
1131 3726 1225 3790 putide,
1238 3726 1320 3776 Attice
1331 3731 1404 3792 putat

201 3799 266 3840 recte
277 3788 455 3854 loquebantur!
826 3789 924 3850 dicere,’
940 3797 986 3841 etc.
1020 3792 1049 3839 In
1064 3792 1095 3841 de
1110 3791 1159 3840 Off.
1171 3792 1187 3840 i.
1200 3803 1239 3856 37.
1254 3806 1300 3854 133
1313 3792 1404 3841 Cicero

236 3871 336 3905 ornare
362 3859 489 3906 nondum
505 3862 652 3912 poterant:
676 3862 781 3904 meatus
827 3871 882 3918 says
894 3856 923 3905 of
935 3856 977 3905 the
993 3856 1087 3917 Catuli,
1102 3857 1143 3905 ‘hi
1159 3858 1252 3922 optime
1265 3858 1302 3906 uti
1317 3856 1404 3920 lingua

202 3921 324 3971 matianis
339 3921 360 3970 is
374 3921 487 3970 ascribed
496 3920 549 3971 first
565 3930 592 3972 to
604 3924 707 3973 Crassus
717 3920 781 3969 him·
826 3921 917 3970 Latina
943 3922 1107 3987 putabantur:
1136 3937 1211 3972 sonus
1238 3930 1290 3972 erat
1314 3922 1403 3983 dulcis,

203 3986 445 4036 selfinii.28.121.
826 3986 921 4036 litterae
932 4003 1010 4051 neque
1026 4002 1154 4051 expressae
1167 4003 1246 4051 neque
1262 4003 1404 4053 oppressae,

236 4066 394 4114 asermone
406 4069 413 4100 ε
424 4068 462 4115 cp.
472 4055 485 4110 5
495 4055 526 4115 58
537 4053 635 4103 ‘labore
643 4052 748 4102 adsiduo
755 4058 780 4101 et
826 4067 856 4100 ne
868 4059 910 4100 aut
921 4053 1050 4105 obscurum
1059 4061 1122 4103 esset
1133 4059 1175 4102 ant
1184 4053 1404 4119 putidum,'where

203 4115 330 4168 cotidiano
341 4116 462 4167 adsuetiz’
475 4120 544 4168 Brut.
554 4117 780 4183 59.213‘suspicor
826 4118 907 4166 notice
932 4118 986 4166 that
1012 4126 1139 4182 expressae
1164 4125 1230 4167 must
1254 4120 1403 4182 correspond

204 4182 368 4233 ...Curionis
377 4219 383 4231 .
393 4220 399 4232 .
409 4221 415 4233 .
424 4185 505 4248 patrio
513 4185 587 4233 fnisse
595 4185 707 4234 instituto
717 4199 781 4246 puro
826 4189 853 4230 to
863 4183 993 4245 putidum,
1006 4199 1034 4231 as
1049 4183 1121 4233 here:
1138 4183 1214 4233 hence
1226 4186 1271 4235 Dr.
1281 4183 1404 4234 Holden's

203 4262 315 4297 sermone
326 4248 494 4299 adsuefactam
510 4249 629 4298 domum?
664 4248 718 4296 The
730 4248 779 4296 abl.
826 4247 955 4311 rendering
972 4249 1081 4298 ‘neither
1095 4248 1213 4298 mouthed
1229 4266 1276 4299 nor
1291 4249 1404 4300 minced’

202 4314 225 4362 is
239 4311 310 4361 usual
327 4313 353 4361 in
367 4315 456 4364 Cicero
471 4314 520 4363 and
532 4316 633 4376 Caesar,
644 4315 687 4365 the
698 4313 780 4362 dative
826 4313 848 4362 is
870 4313 957 4376 hardly
979 4322 1064 4363 exact:
1094 4315 1201 4378 perhaps
1224 4316 1337 4365 ‘minoed
1357 4331 1405 4365 nor

202 4394 309 4442 appears
331 4378 382 4430 first
408 4381 433 4428 in
456 4381 520 4444 Livy
542 4381 592 4430 and
614 4381 636 4430 is
659 4378 730 4430 usual
753 4379 780 4427 in
826 4379 960 4428 muttered’
982 4379 1067 4428 would
1093 4381 1125 4429 be
1152 4381 1237 4430 better.
1291 4388 1405 4445 expressa

202 4444 314 4497 Tacitus.
410 4504 412 4510 γ
826 4459 884 4509 may
897 4445 928 4494 be
947 4450 1041 4495 aterm
1063 4445 1090 4494 of
1109 4443 1197 4510 praise,
1217 4461 1245 4496 as
1267 4446 1293 4496 in
1317 4447 1404 4511 Quint.
