3046 5040
121 359 182 423 118

469 359 519 420 M.
546 358 689 419 TULLI
710 357 966 422 CICERONIS

118 529 332 594 comminatio
352 538 385 592 et
407 530 501 610 quasi
524 529 642 613 petitio
661 530 713 593 vel
736 530 778 592 ad
798 538 1006 593 venustatem
1028 528 1133 613 ipsam
1151 530 1318 596 tractatio.

120 635 209 698 Nam
226 642 258 696 et
274 634 453 716 geminatio
470 633 645 696 verborum
662 633 763 697 habet
780 634 944 697 interdum
962 635 1040 709 vim,
1057 632 1203 717 leporem
1224 634 1318 710 alias,

118 748 152 801 et
168 736 303 820 paulurn
320 737 532 800 immutatum
549 737 685 800 verbum
701 747 802 818 atque
825 736 994 800 deflexum
1010 747 1044 800 et
1059 737 1208 801 eiusdem
1226 738 1318 802 verbi

119 842 233 904 crebra
255 850 326 903 tum
349 860 370 902 a
392 841 499 921 primo
521 839 683 922 repetitio,
699 850 770 904 tum
792 841 824 901 in
845 849 1033 902 extremum
1050 841 1220 904 conversio
1236 851 1271 904 et
1287 841 1319 904 in

120 1000 210 1063 merely
227 999 359 1048 embellish
375 999 401 1048 it.
436 999 483 1062 Cp.
501 999 569 1048 Orat.
585 1001 630 1048 228
650 1003 691 1048 ‘ut

120 1067 187 1114 enim
207 1064 313 1113 athletas
336 1080 381 1113 nec
404 1062 482 1113 multo
504 1064 573 1112 secus
595 1065 691 1128 gladia·

119 1140 186 1181 tores
207 1131 318 1178 videmus
339 1129 402 1177 nihil
424 1145 468 1178 nec
490 1130 592 1180 vitando
613 1130 692 1178 iacere

120 1205 190 1246 caute
199 1212 244 1244 nec
255 1196 362 1259 petendo
370 1195 532 1254 vehementer,
544 1196 569 1242 in
581 1210 631 1258 quo
643 1211 692 1243 non

121 1269 203 1310 motus
222 1261 263 1310 hic
283 1259 372 1309 habeat
391 1260 538 1323 palaestram
560 1260 692 1323 quandam,

121 1335 155 1385 ut,
172 1326 288 1391 quicquid
304 1327 329 1373 in
347 1325 385 1374 his
402 1326 474 1373 rebus
491 1324 534 1374 tiat
552 1326 644 1374 utiliter
661 1325 694 1373 ad

121 1408 238 1457 pugnam,
263 1392 327 1439 idem
348 1390 380 1438 ad
408 1398 534 1455 aspectum
559 1391 634 1439 etiam
662 1391 694 1438 sit

122 1466 265 1515 venustum;
283 1457 318 1504 sic
330 1464 468 1505 oratornec
480 1455 580 1519 plagam
594 1471 694 1518 gravem

121 1524 186 1579 facit,
200 1522 247 1570 nisi
259 1522 347 1585 petitio
360 1521 405 1569 tuit
421 1529 488 1585 apta,
500 1537 544 1570 nec
559 1521 619 1570 satis
630 1529 693 1570 tecte

121 1588 229 1637 declinat
246 1587 374 1651 impetum,
392 1587 439 1634 nisi
455 1587 531 1634 etiarn
547 1584 694 1635 incedendo

122 1653 180 1717 quid
208 1653 293 1702 deceat
321 1650 457 1715 intellegit?
503 1651 583 1716 [Read
606 1652 695 1715 aprum,

120 1720 135 1782 J
158 1799 178 1833 α.
197 1786 365 1841 geminatio:
385 1798 423 1846 cp.
443 1783 554 1832 Demetr.
572 1781 603 1831 de
623 1782 695 1830 Eloe.

125 1863 186 1910 14o;
210 1850 303 1898 Ernest.
322 1849 381 1896 Lex.
400 1847 476 1896 Tech.
494 1847 537 1896 Gr.
552 1863 597 1896 s.v.
617 1845 695 1894 ἀναδί-

123 1923 213 1962 πλασις
226 1914 356 1978 ‘repetitio
370 1914 437 1961 verbi
449 1914 482 1961 ab
499 1913 577 1970 initio,
594 1928 656 1977 quae
669 1911 696 1961 fit

123 1982 213 2044 partim
232 1979 360 2042 gravitatis
377 1995 459 2037 causa,
478 1978 535 2039 apis
552 1976 695 2038 δεινότητας,

123 2047 215 2109 partim
226 2045 302 2093 etiam
314 2044 415 2093 subInde
427 2044 458 2092 ad
471 2044 602 2091 iuvandam
611 2058 696 2092 venus·

123 2118 208 2169 tatem,
231 2108 268 2157 tn
291 2108 404 2171 ydaros)
443 2109 497 2157 The
519 2109 647 2172 repetition
670 2107 701 2156 of

124 2175 216 2224 several
225 2175 306 2223 words
315 2191 365 2223 was
374 2190 442 2222 more
449 2174 564 2238 properly
572 2173 652 2222 called
659 2174 696 2222 ἐπ·

123 2239 240 2303 ανάληψις
250 2242 310 2304 (eg.
320 2240 397 2287 Hom.
408 2241 438 2287 Il.
449 2241 483 2288 ili.
491 2250 547 2302 371,
560 2240 618 2288 xxii.
629 2242 696 2299 127).

125 2307 172 2370 Cp.
182 2307 213 2353 ad
225 2305 284 2353 Her.
295 2307 326 2353 iv.
337 2307 367 2365 38
378 2305 549 2354 ‘vehementer
560 2305 696 2353 auditorem

125 2379 264 2420 commovet
276 2371 384 2419 eiusdem
396 2370 571 2434 redintegratio
585 2371 660 2430 verbi,
673 2376 696 2419 et

124 2438 214 2485 vulnus
230 2437 310 2484 maius
325 2436 399 2485 efficit
414 2437 439 2483 in
458 2436 582 2485 contrario
600 2451 696 2492 causae,

125 2503 195 2567 quasi
208 2501 310 2565 aliquod
324 2502 403 2550 telum
420 2502 517 2565 saepius
530 2501 656 2564 perveniat
672 2501 697 2548 in

125 2567 227 2616 eandem
243 2569 353 2631 corporis
370 2566 480 2630 partem!
510 2567 559 2614 His
576 2565 698 2614 technical

124 2644 186 2682 term
199 2633 236 2681 for
245 2634 294 2681 this
301 2634 320 2681 is
327 2631 513 2696 conduplicatio.
531 2630 697 2691 Volkmaun⁹‚

126 2716 150 2762 p.
166 2699 221 2759 466,
237 2705 326 2761 quotes
344 2714 418 2761 many
438 2713 491 2745 exx.
513 2698 541 2744 os
557 2699 607 2746 this
621 2696 697 2761 figure

125 2766 189 2812 l'rom
212 2763 254 2812 the
276 2770 353 2827 poets,
376 2779 430 2825 eg.
452 2762 562 2826 Sappho,
588 2763 627 2811 Fr.
652 2777 698 2825 109

126 2826 245 2890 παρθενία,
262 2826 377 2889 παρθενία
394 2828 438 2874 ποῖ
451 2845 480 2887 με
495 2826 584 2874 λιποῖσ’
598 2826 696 2888 ἀποίχῃ.

126 2895 173 2956 Cp.
187 2893 250 2941 Hor.
265 2894 347 2941 Carm.
360 2894 391 2940 iv.
407 2908 430 2954 4,
449 2903 480 2955 70
499 2892 612 2950 ‘occidit
633 2893 698 2942 occi-

125 2956 181 3007 dit.'
214 2957 324 3005 W'olffiin
343 2958 386 3005 has
402 2974 417 3005 a
432 2958 492 3020 long
506 2973 583 3021 paper
597 2973 629 3005 on
644 2959 699 3007 ‘die

126 3023 260 3086 geminatio
268 3024 292 3071 in
302 3023 482 3071 Lateinischen'
491 3025 516 3071 in
523 3024 564 3070 the
574 3023 697 3087 Sitzungs·

127 3091 175 3138 ber.
199 3089 223 3138 d.
245 3089 315 3151 Bayr.
333 3088 415 3137 Akad.
436 3088 460 3138 d.
474 3089 547 3136 Wiss.
568 3089 639 3148 1882,
655 3105 698 3153 pp.

127 3167 248 3217 4²0-491·
283 3153 337 3202 The
355 3154 485 3217 repetition
497 3153 558 3202 need
570 3161 614 3202 not
631 3155 662 3203 be
673 3161 699 3203 at

127 3220 169 3268 the
186 3219 334 3282 beginning:
351 3235 390 3282 ep.
408 3220 443 3267 M.
453 3218 570 3268 Amold's
582 3220 699 3284 Requies-

126 3291 180 3334 cnt:
198 3287 289 3332 ‘Strew
308 3300 340 3332 on
357 3285 400 3333 her
416 3301 490 3344 roses,
508 3283 590 3344 roses'
605 3286 646 3334 the
663 3301 698 3334 re-

127 3350 215 3414 peated
229 3349 366 3412 geminatio
385 3348 413 3398 of
427 3350 508 3398 which
526 3366 600 3416 poem
618 3351 639 3399 is
656 3351 698 3398 ad·

127 3415 232 3479 mirably
241 3415 369 3479 preserved
381 3416 406 3462 in
417 3417 459 3463 the
471 3415 589 3464 beautiful
601 3417 698 3464 version

126 3483 151 3529 in
162 3481 202 3530 the
210 3483 233 3529 Α
236 3481 359 3528 nundinas
369 3483 389 3529 C
389 3481 449 3530 ami.
469 3480 523 3530 The
533 3483 700 3530 combination

127 3549 375 3594 interdum—elias
387 3546 408 3593 is
420 3554 463 3595 not
475 3563 603 3595 common:
616 3547 665 3596 this
678 3548 700 3594 is

127 3613 169 3660 the
177 3611 234 3673 only
244 3611 351 3660 instance
359 3613 451 3675 quoted
459 3613 492 3675 by
501 3613 616 3674 Draeger,
625 3612 650 3660 ii.
659 3614 698 3660 88.

161 3691 184 3738 3.
202 3680 383 3725 immutatum
404 3681 524 3724 verbum
546 3685 629 3734 etque
654 3681 699 3726 de·

128 3744 249 3791 flexum:
278 3758 316 3805 cp.
341 3741 366 3789 ii.
392 3741 438 3803 256
461 3739 642 3802 παρονομασίας
668 3743 700 3791 ad

128 3808 190 3856 Her.
214 3808 245 3855 iv.
270 3807 504 3871 29‘adn0minati0‘
521 3815 565 3867 est,
589 3824 645 3856 cum
667 3808 699 3856 ad

128 3873 194 3921 idem
206 3873 307 3920 verbum
318 3910 324 3921 .
335 3909 340 3920 .
353 3909 357 3919 .
368 3873 493 3921 acceditur
506 3874 700 3922 commutatione

92 3977 93 3981 ,
129 3937 168 3985 vel
185 3939 256 3985 unius
273 3937 367 3986 litterae
383 3946 424 3986 aut
440 3938 589 3994 litterarum
609 3939 699 3986 autad

129 4019 167 4051 res
179 4002 311 4051 dissimiles
322 4003 413 4052 similia
424 4004 497 4053 verba
509 4004 700 4053 adcommodan-

73 4069 75 4073 ’
129 4067 183 4118 tur.’
217 4069 271 4116 The
283 4069 364 4116 writer
375 4069 443 4132 gives
455 4070 580 4133 examples
592 4070 621 4118 of
627 4085 700 4118 seven

129 4132 241 4182 different
258 4134 330 4182 kinds
348 4134 375 4182 ol
389 4134 438 4183 this
455 4135 513 4198 play
525 4150 592 4197 upon
609 4136 700 4193 words,

131 4199 223 4248 besides
239 4199 309 4248 other
324 4200 444 4249 instances
459 4200 540 4248 where
556 4200 596 4248 the
612 4215 702 4248 resem-

128 4264 216 4312 blance
235 4264 255 4311 is
273 4272 317 4313 not
334 4281 362 4314 so
379 4265 456 4315 close:
477 4281 497 4313 e.
503 4282 527 4330 g.
548 4266 584 4313 ‘si
601 4265 702 4314 lenones

128 4331 228 4377 vitasset
240 4338 366 4394 tamquam
384 4331 476 4390 leones,
487 4333 552 4379 vitae
564 4331 701 4379 tradidisset

129 4391 170 4443 se?
205 4395 252 4458 Cp.
275 4411 321 4459 pro
342 4395 413 4443 Sulla
434 4409 462 4443 12
484 4397 549 4444 ‘noli
569 4396 595 4443 id
619 4405 702 4459 putare

129 4477 144 4507 a
165 4475 204 4508 me
223 4475 275 4508 esse
293 4461 411 4510 omissum
429 4462 450 4509 si
470 4461 530 4525 quid
550 4461 595 4510 tibi
613 4469 649 4510 est
666 4477 701 4510 re·

743 1000 844 1048 missum
867 1006 941 1064 atque
963 997 1122 1049 concessum!
1164 1000 1318 1062 Volkmann,

744 1064 768 1130 p.
781 1076 829 1128 479
841 1064 866 1113 ff.
878 1065 923 1113 has
934 1081 1010 1128 many
1018 1081 1087 1114 more
1098 1082 1151 1114 exx.
1186 1066 1234 1130 Cp.
1250 1067 1319 1116 Orat.

744 1132 776 1192 84
789 1130 976 1178 ‘immutatione
993 1131 1087 1179 litterae
1105 1131 1175 1194 quasi
1194 1133 1321 1196 quaesitae

743 1194 897 1253 venustates,’
926 1208 970 1257 135
995 1199 1069 1244 ‘cum
1091 1205 1133 1244 aut
1161 1196 1321 1261 duplicantur

744 1260 909 1345 iteranturque
920 1261 994 1309 verba
1005 1273 1048 1309 aut
1064 1261 1151 1309 leviter
1166 1269 1321 1312 commutata

744 1333 867 1402 ponuntur
885 1342 891 1384 ;
904 1326 1008 1388 Quintil.
1017 1326 1049 1374 ix.
1058 1324 1178 1390 3,66-73.
1196 1326 1320 1391 deflexum

744 1407 765 1440 rs
774 1391 891 1453 virtually
900 1406 1065 1453 synonymous
1072 1391 1131 1439 with
1140 1393 1320 1441 immutatum:

744 1457 786 1505 the
803 1472 846 1505 use
864 1457 892 1504 os
905 1455 947 1505 the
964 1457 1032 1505 word
1050 1457 1087 1504 sor
1100 1457 1196 1507 ‘intlect
1207 1456 1213 1476 '
1225 1459 1247 1506 is
1264 1475 1321 1507 con·

744 1521 810 1569 fined
821 1529 847 1569 to
858 1521 909 1570 late
921 1522 1001 1570 Latin.

778 1589 904 1635 eiusdem
916 1589 999 1635 verbi
1016 1590 1163 1644 repetitio:
1182 1587 1321 1650 ἓπαναφαρά

746 1653 897 1714 (sometimes
909 1650 1043 1715 ἀναφορά);
1061 1654 1086 1700 in
1104 1653 1214 1702 Rutilius
1227 1654 1320 1717 Lupus,

745 1717 762 1766 i.
776 1728 789 1781 7
803 1715 915 1776 ἐπιβολὴ,
927 1717 959 1765 ad
971 1717 1032 1766 Her.
1046 1718 1077 1765 iv.
1092 1731 1122 1781 19
1135 1719 1265 1783 ‘repetitio
1276 1729 1321 1780 est,

746 1783 1321 1847 curncontinenterabunoatqueeodemverbo

747 1848 772 1896 in
794 1848 867 1896 rebus
887 1848 1010 1896 similibus
1029 1856 1054 1897 et
1073 1849 1176 1898 diversis
1199 1850 1322 1913 principia

746 1911 890 1962 sumuntur)
924 1913 966 1962 He
981 1929 1041 1978 goes
1057 1929 1090 1962 on
1101 1914 1176 1964 ‘haec
1193 1916 1321 1964 exornatio

746 1994 803 2028 cum
814 1979 920 2027 multum
932 1979 1065 2028 venustatis
1081 1979 1164 2040 habet,
1175 1989 1229 2028 tum
1240 1981 1320 2044 gravi·

746 2044 804 2092 tatis
812 2052 837 2092 et
846 2044 994 2093 acrimoniae
1004 2043 1154 2108 plurimum!
1179 2046 1203 2093 A
1214 2045 1322 2094 familiar

746 2110 854 2158 instance
874 2109 967 2173 quoted
985 2110 1017 2172 by
1036 2109 1139 2172 Quintil.
1154 2111 1187 2158 ix.
1206 2124 1229 2172 3,
1250 2125 1282 2173 30
1301 2112 1321 2159 is

746 2174 799 2224 Cic.
809 2174 833 2222 in
846 2175 902 2224 Cat.
913 2175 928 2222 i.
941 2189 950 2223 1
968 2174 1071 2224 ‘nihilne
1082 2213 1088 2224 .
1098 2212 1105 2224 .
1115 2211 1121 2223 .
1131 2174 1222 2225 nihil..
1233 2175 1320 2224 .nihil'

746 2246 792 2289 etc.
826 2240 874 2303 Cp.
893 2240 956 2288 Phil.
973 2240 1015 2287 xii.
1033 2254 1062 2304 ²9
1083 2241 1139 2290 ‘sed
1157 2242 1260 2290 credunt
1276 2243 1322 2290 im·

747 2305 839 2369 probis,
852 2306 953 2354 credunt
969 2305 1122 2366 turbulentis,
1135 2307 1239 2356 credunt
1256 2305 1320 2356 suis.¹

748 2370 910 2432 Volkmann,²
920 2387 944 2435 p.
957 2370 1013 2433 468,
1023 2373 1093 2434 gives
1101 2387 1175 2435 many
1187 2387 1257 2421 more
1268 2389 1320 2422 exx.

782 2452 804 2498 4.
822 2442 883 2484 tum
901 2473 907 2484 .
924 2473 930 2484 .
946 2472 951 2484 .
969 2443 1043 2485 tum:
1069 2438 1245 2488 ‘sometimes.
1260 2446 1321 2486 ..at

749 2501 819 2550 other
830 2499 919 2561 times,'
936 2502 961 2550 ii.
976 2512 1015 2564 72,
1028 2501 1062 2550 iii.
1077 2511 1131 2564 177.
1166 2502 1229 2551 This
1244 2503 1266 2551 is
1281 2503 1321 2552 the

749 2566 808 2630 only
824 2566 962 2630 legitimate
979 2568 1044 2617 soree
1062 2568 1090 2615 oi
1104 2567 1146 2617 the
1164 2569 1280 2632 partiales
1296 2569 1320 2617 in

749 2632 846 2690 Cicero,
859 2633 916 2680 who
930 2634 951 2681 is
966 2633 1025 2681 fond
1039 2632 1068 2680 ol
1082 2633 1122 2682 the
1136 2633 1319 2688 combination;

749 2697 791 2745 the
805 2697 921 2760 meaning
933 2701 939 2724 ‘
949 2697 1015 2745 alike
1025 2736 1030 2746 .
1039 2734 1045 2745 .
1055 2736 1060 2746 .
1070 2696 1132 2746 and’
1145 2699 1167 2747 is
1182 2699 1279 2748 limited
1296 2708 1321 2747 to

748 2762 810 2810 later
829 2763 908 2820 Latin,
930 2779 950 2811 e.
956 2781 980 2828 g.
999 2762 1137 2825 Quintilian
1154 2764 1204 2812 and
1221 2764 1320 2813 Seneca.

751 2829 791 2886 (In
808 2828 849 2876 the
867 2830 994 2892 quotation
1011 2830 1075 2876 from
1087 2830 1187 2878 Asinius
1198 2831 1224 2879 in
1237 2830 1320 2892 Quint.

749 2893 781 2942 ix.
803 2907 824 2951 2,
847 2907 878 2956 34
897 2896 993 2943 ‘mater
1016 2909 1077 2952 mea,
1101 2910 1164 2959 quae
1186 2895 1248 2942 mihi
1267 2910 1322 2945 cum

749 2959 883 3018 carissima,
901 2966 954 3006 tum
971 2959 1114 3008 dulcissima
1130 2957 1192 3019 fuit,'
1208 2975 1265 3008 cum
1280 2967 1322 3008 not

749 3030 803 3071 tum
825 3024 845 3073 is
864 3025 906 3072 the
924 3025 1026 3088 reading
1043 3025 1073 3072 ol
1089 3025 1130 3074 the
1149 3025 1218 3089 good
1239 3024 1321 3088 MSS.)

751 3090 797 3152 Cp.
810 3088 921 3137 Wolfflin
939 3091 962 3138 in
981 3089 1074 3138 Archiv
1086 3088 1102 3138 f.
1115 3091 1138 3138 d.
1151 3091 1207 3140 Lat.
1224 3090 1282 3141 Lex.
1295 3092 1320 3139 ii.

752 3169 812 3217 2413
835 3155 963 3218 Landgraf
977 3171 1009 3203 on
1025 3152 1130 3218 Reisig’s
1143 3155 1322 3220 Vorlesungen,

749 3228 808 3269 note
825 3235 881 3284 414.
915 3221 940 3269 It
957 3221 978 3269 is
995 3221 1102 3284 perhaps
1121 3220 1210 3284 hardly
1231 3228 1323 3270 correct

749 3293 776 3333 to
792 3286 868 3350 speak
883 3286 912 3334 oi
923 3285 1082 3348 Quintiliau's
1098 3301 1141 3335 use
1157 3303 1185 3334 as
1201 3303 1217 3335 a
1234 3286 1324 3335 revival

750 3351 779 3400 oi
786 3352 839 3400 that
852 3352 880 3399 os
888 3351 976 3400 Cicero
988 3351 1115 3410 (Peterson
1127 3367 1160 3400 on
1172 3352 1257 3414 Quint.
1266 3368 1289 3402 x.
1302 3366 1324 3413 1,

750 3415 801 3479 46).
823 3417 878 3465 The
886 3416 928 3464 ref.
938 3425 965 3465 to
972 3417 1031 3466 Tac.
1040 3417 1105 3466 Ann.
1113 3417 1155 3465 xii.
1164 3430 1194 3477 33
1202 3417 1229 3466 in
1237 3417 1323 3467 L.&S.

750 3483 771 3529 is
780 3498 811 3530 an
820 3498 898 3538 error;
910 3481 934 3529 in
943 3482 994 3530 xiii.
1003 3497 1035 3544 40
1042 3481 1102 3530 Tac.
1109 3481 1216 3530 hastum
1224 3519 1232 3532 .
1240 3520 1246 3532 .
1255 3521 1261 3533 .
1269 3489 1324 3531 tum

749 3549 775 3596 iu
787 3548 828 3596 the
841 3547 986 3596 Ciceronian
997 3563 1073 3596 sense.

784 3617 816 3661 in
832 3619 989 3660 extremum
1007 3615 1160 3671 conversio,
1174 3611 1325 3678 ἀναστροφή

751 3694 780 3726 or
797 3679 821 3726 in
840 3676 916 3726 Rutil.
936 3678 999 3741 Lup.
1018 3694 1043 3741 p.
1060 3677 1075 3726 6
1091 3676 1208 3742 ἐπιφοράς
1234 3695 1272 3743 cp.
1294 3680 1325 3728 ad

752 3744 812 3791 Her.
825 3744 857 3791 iv.
872 3756 901 3806 19
913 3744 1055 3792 ‘conversio
1074 3751 1111 3792 est
1130 3759 1174 3807 per
1192 3759 1269 3808 quam
1281 3781 1287 3793 .
1299 3782 1306 3795 .
1319 3782 1324 3793 .

751 3810 783 3857 ad
806 3816 958 3872 postremum
976 3808 1099 3872 [verbum]
1118 3810 1272 3859 continenter
1290 3827 1325 3860 re·

751 3875 875 3934 vertimur,
887 3873 935 3923 hoc
947 3874 1034 3923 modo:
1053 3875 1150 3923 Poenos
1158 3890 1183 3938 p.
1192 3874 1224 3923 R.
1233 3876 1326 3924 iustitia

751 3940 819 3997 vicit,
840 3939 913 3988 armis
932 3939 999 3998 vicit,
1019 3938 1170 3988 liberalitate
1192 3939 1268 3990 vicit'
1302 3942 1326 3989 Α

752 4005 829 4053 better
840 4004 954 4068 example
966 4005 986 4053 is
998 4005 1050 4054 Cic.
1064 4004 1128 4053 Phil.
1141 4004 1158 4052 ii
1180 4019 1210 4068 55
1224 4005 1326 4055 ‘doletis

751 4079 799 4120 tres
816 4070 935 4118 exercitus
952 4085 975 4134 p.
989 4070 1019 4117 R.
1035 4070 1189 4127 interfectos;
1207 4071 1327 4121 interfecit

752 4137 892 4184 Antonius:
918 4135 1063 4184 desideratis
1079 4135 1229 4184 clarissimos
1245 4136 1326 4186 eires:

751 4216 794 4250 eos
811 4217 909 4264 quoque
925 4200 996 4248 vobis
1013 4200 1101 4265 eripuit
1113 4202 1252 4260 Antonius;
1270 4218 1326 4252 auc-

751 4267 838 4315 toritas
855 4266 927 4314 huius
947 4265 1040 4314 ordinis
1056 4264 1145 4315 afflicta
1163 4274 1214 4316 est:
1241 4267 1327 4317 afflixit

752 4332 892 4380 Antonius!
910 4331 1060 4392 Volkmann,
1073 4348 1098 4396 p.
1112 4330 1168 4396 469.
1192 4332 1248 4382 The
1259 4349 1327 4382 com·

753 4397 863 4446 bination
891 4396 921 4445 os
945 4396 988 4446 the
1016 4398 1176 4462 eanaphora
1207 4398 1257 4446 and
1286 4399 1327 4449 the

753 4462 905 4527 antistrophe
926 4477 977 4512 was
1000 4413 1081 4513 called
1103 4461 1232 4525 ruprkom'y
1256 4463 1328 4528 (com-
