3046 5040
561 332 630 395 DE
651 333 738 394 ΘΚΑ
748 333 870 394 TORE
889 331 957 395 III.

1297 347 1357 414 137

162 521 217 564 me
238 501 373 585 quidem
394 502 488 567 istius
507 504 668 568 sermonis
688 504 883 586 participem
906 504 1030 567 factum
1053 523 1124 567 esse
1142 502 1293 584 gaude03
1319 522 1358 566 ac

162 603 283 668 vellem
300 616 336 670 ut
356 627 449 670 meus
463 628 572 689 gener,
588 607 713 671 sodalis
727 617 815 684 tuus,
832 606 1036 684 Hortensius,
1051 605 1228 682 adfuisset3
1258 625 1357 687 quem

161 709 296 790 quidem
323 729 386 792 ego
413 710 545 775 confido
571 712 725 774 omnibus
752 711 823 774 istis
851 710 1012 786 laudibus,
1035 731 1117 792 quas
1146 720 1182 773 tu
1208 709 1359 773 oratione
1371 727 1426 774 aas

162 812 358 893 complexus
374 835 419 888 es,
432 813 650 878 excellentem
666 811 752 877 sore’

793 815 838 877 Et
856 812 994 878 Crassus
1010 815 1095 877 ‘iore
1110 809 1227 875 dicis?’
1243 813 1359 893 inquit,

134 921 245 997 5‘ego
264 936 342 979 vero
365 938 437 981 esse
460 918 526 980 iam
548 919 658 981 iudico
678 927 711 980 et
732 927 804 980 tum
825 918 976 994 iudicavi,
997 937 1071 980 cum
1096 936 1150 979 me
1170 916 1304 979 consule
1325 916 1359 978 in

161 1029 278 1083 senatu
294 1040 427 1083 causam
444 1020 592 1084 defendit
607 1019 741 1084 Africae
761 1040 929 1103 nuperque
950 1021 1050 1083 etiam
1072 1020 1185 1100 magis,
1201 1039 1277 1082 cum
1298 1040 1358 1101 pro

163 1120 340 1204 Bithyniae
362 1143 438 1206 rege
461 1124 557 1188 dixit.
604 1123 715 1206 Quam
734 1123 778 1186 ob
801 1144 870 1187 rem
887 1133 976 1187 recte
990 1125 1090 1197 vides,
1109 1122 1247 1198 Catule3
1277 1123 1359 1186 nihil

162 1226 250 1287 enim
273 1226 327 1289 isti
349 1226 554 1290 adulescenti
577 1247 685 1309 neque
707 1248 728 1290 a
755 1237 872 1290 natura
894 1246 1000 1308 neque
1025 1247 1045 1289 a
1072 1226 1222 1290 doctrina
1245 1227 1359 1290 deesse

162 1329 289 1391 sentio:
313 1349 380 1410 quo
401 1332 507 1413 magis
529 1340 579 1394 est
600 1332 670 1408 tibi,
688 1331 799 1407 Cotta,
815 1340 848 1393 et
866 1330 937 1406 tibi,
954 1328 1085 1412 Sulpici,
1101 1328 1304 1412 vigilandum
1319 1350 1358 1393 ac
1371 1347 1426 1396 230

117 1451 149 1487 10
162 1429 398 1506 laborandum3
425 1454 491 1496 non
515 1435 602 1497 enim
624 1433 678 1497 ille
698 1434 870 1497 mediocris
888 1444 999 1496 orator
1019 1442 1148 1496 vestrae
1170 1433 1263 1514 quasi
1286 1452 1359 1496 suc-

162 1536 278 1599 crescit
292 1536 404 1611 aetati,
417 1537 475 1599 sed
488 1548 521 1600 et
538 1538 670 1620 ingenio
685 1538 810 1621 peracri
826 1548 860 1601 et
875 1536 987 1600 studio
999 1536 1149 1618 flagranti
1162 1545 1195 1598 et
1208 1537 1359 1600 doctrina

162 1639 285 1702 eximia
300 1649 333 1702 et
349 1642 505 1704 memoria
521 1641 697 1724 singulari3
721 1642 773 1704 cui
794 1661 996 1723 quamquam
1012 1639 1116 1717 faveo,
1132 1649 1244 1703 tamen
1266 1639 1358 1702 illum

197 1814 218 1848 a.
235 1800 322 1848 vellem
333 1815 402 1849 naeus
419 1800 475 1851 KS:
493 1802 587 1850 vellum
598 1808 708 1849 ulmeus
719 1818 738 1848 ω
749 1801 797 1848 ΡΗ
811 1801 851 1848 Fr.

938 1811 959 1865 7.
977 1807 1038 1849 recte
1049 1800 1117 1849 vides
1128 1816 1147 1846 ω
1158 1799 1178 1847 Ρ
1190 1800 1230 1847 Fr.
1241 1814 1246 1848 :
1265 1805 1327 1848 recte

576 1866 678 1931 corfidis
689 1866 733 1916 KS
746 1867 826 1916 Balrio
837 1873 942 1916 auctore.

197 2017 218 2051 a.
235 2007 338 2054 vellem
349 2010 607 2057 ut...adfuiaset:
629 2024 657 2056 so
669 2014 734 2056 most

162 2069 234 2119 MSS.
253 2070 381 2134 including
398 2074 422 2120 A
428 2074 488 2122 EH.
523 2074 546 2123 lt
566 2075 588 2122 is
606 2089 664 2136 very
682 2089 735 2122 rare

162 2134 201 2182 ior
210 2136 298 2185 Cicero
309 2144 336 2184 to
347 2137 420 2186 insert
431 2145 461 2186 ut
472 2139 497 2186 in
510 2141 569 2188 such
581 2156 655 2190 cases.
687 2141 735 2189 But

162 2199 193 2249 he
207 2199 251 2249 has
263 2202 380 2250 ‘mallem
392 2211 420 2252 ut
436 2203 495 2252 ires’
507 2205 533 2253 in
545 2208 598 2254 Att.
612 2207 628 2256 i.
643 2204 679 2263 16,
695 2220 734 2268 14,

163 2266 264 2314 ‘vellem
272 2274 299 2314 ut
306 2267 381 2331 pedes
389 2269 517 2318 haberent’
527 2271 551 2318 in
564 2271 683 2319 Famvii.
696 2286 734 2333 31.

162 2344 184 2390 2,
198 2331 305 2380 ‘vellem
317 2340 357 2381 ut.
367 2369 373 2380 .
382 2370 387 2381 .
396 2335 527 2397 potuisset'
541 2338 565 2384 in
578 2353 623 2400 pro
635 2336 697 2385 Sull.
713 2351 735 2398 1,

161 2396 268 2445 ‘vellem
286 2406 312 2446 ut
329 2399 491 2448 imitarentur'
508 2401 532 2449 in
550 2401 613 2450 Phil.
625 2403 675 2451 viii.
695 2416 734 2463 31,

161 2462 209 2510 and
233 2463 306 2510 ‘volo
328 2472 356 2511 ut
378 2465 540 2528 respondeas'
561 2471 586 2515 in
605 2468 663 2518 Vat.
687 2467 734 2516 five

159 2526 232 2575 times
245 2533 296 2590 (14,
311 2530 401 2590 17,18,
416 2544 452 2590 21,
469 2533 526 2596 29);
546 2549 573 2580 so
589 2534 608 2583 it
624 2534 645 2582 is
659 2535 736 2584 better

160 2599 187 2640 to
198 2591 285 2640 follow
296 2593 338 2643 the
349 2594 422 2644 MSS.
456 2597 503 2661 Cp.
517 2599 625 2659 Kiihner,
639 2600 664 2648 ii.
677 2611 733 2662 527,

161 2656 280 2720 Draeger,
292 2659 318 2706 ii.
332 2673 386 2721 ²49·

194 2736 215 2770 a.
234 2738 334 2780 gener:
359 2726 407 2774 this
422 2729 559 2777 connexion
575 2729 596 2778 is
610 2737 654 2778 not
667 2746 733 2780 men·

159 2787 245 2836 tioned
255 2789 394 2840 elsewhere.

192 2856 312 2904 sodalis:
333 2863 398 2918 §42

194 2932 216 2981 5.
228 2922 374 2970 inaenatn.
395 2922 634 2988 Nothingfurtheris
643 2926 733 2975 known

160 2983 189 3032 of
202 2984 271 3033 these
286 2988 403 3035 orations.
438 2991 522 3038 Africa
532 3007 583 3040 was
597 2992 669 3040 made
681 2993 734 3040 into

159 3065 175 3097 a
191 3051 307 3113 province
325 3051 350 3100 in
369 3065 423 3102 nc.
442 3054 497 3117 146,
516 3057 565 3104 and
585 3058 609 3105 in
630 3069 683 3105 ne.
702 3070 732 3120 95

159 3114 226 3163 there
238 3131 289 3164 was
304 3118 428 3182 probably
438 3135 507 3169 some
523 3137 609 3170 reason
626 3131 653 3171 to
667 3138 733 3171 com·

159 3180 228 3244 plain
246 3181 275 3229 of
292 3183 506 3246 misgovernment.
540 3188 690 3236 Nicomedes
707 3188 733 3236 ΙΙ

160 3245 188 3294 of
194 3245 310 3308 Bithynia
317 3248 528 3311 shortlyafterthis
534 3253 590 3301 date
598 3253 734 3316 attempted

159 3315 186 3358 to
195 3312 312 3360 establish
320 3330 335 3362 a
343 3314 416 3363 claim
424 3316 462 3363 sor
469 3318 631 3381 Cappadocia
638 3319 734 3381 against

160 3375 318 3426 Mithridates
341 3395 373 3427 on
396 3381 482 3430 behali
502 3384 530 3430 of
551 3399 583 3432 an
603 3385 731 3447 impostor,

159 3440 243 3490 whom
263 3443 293 3491 he
313 3446 447 3507 pretended
464 3456 490 3496 to
508 3450 538 3497 be
556 3465 632 3497 ason
650 3449 679 3497 oi
695 3450 733 3496 his

159 3506 216 3555 wile
231 3508 349 3569 Laodice,
365 3510 406 3558 the
420 3513 510 3561 widow
522 3514 551 3561 os
563 3514 605 3564 me
620 3515 734 3578 previous

159 3571 220 3635 king
237 3574 379 3624 Ariarathes
393 3577 437 3625 VI.
472 3578 526 3627 The
543 3580 618 3628 claim
629 3595 679 3628 was
697 3595 733 3628 re-

156 3636 245 3699 jected.
279 3639 327 3703 Cp.
336 3641 423 3703 Justin.
438 3643 536 3692 xxxviii.
552 3659 572 3704 1,
587 3658 609 3705 a,
622 3645 731 3703 Clinton,

160 3703 180 3750 F
182 3713 227 3750 ast.
241 3703 276 3751 iii.
291 3719 348 3768 419,
363 3722 391 3754 or
406 3708 553 3766 Mommsen,
568 3710 603 3758 iii.
621 3711 675 3772 187.
711 3710 734 3757 lt

159 3783 210 3816 was
230 3769 357 3819 doubtless
375 3773 400 3820 in
420 3783 523 3838 support
544 3777 573 3823 os
591 3775 640 3824 this
659 3775 733 3824 claim

158 3833 214 3882 that
226 3834 373 3886 Hortensius
384 3838 490 3900 pleaded
502 3840 526 3887 in
538 3841 580 3889 the
591 3849 681 3890 senate.

193 3899 216 3946 8.
238 3914 263 3959 a,
289 3901 325 3948 ‘in
348 3912 442 3966 respect
464 3903 505 3952 oi?
544 3907 594 3954 For
615 3906 657 3955 the
680 3921 733 3954 ora·

158 3971 215 4027 tory
233 3965 262 4012 oi
278 3965 430 4028 Hortensius,
451 3986 489 4034 cp.
514 3971 581 4019 Brut.
614 3971 660 4018 228
686 3972 732 4034 ‘Q.

160 4029 600 4085 Hortensiiadmodumaduleseentis
608 4037 733 4099 ingenium

159 4103 187 4143 nt
212 4096 314 4144 Phidiae
339 4098 437 4161 signum
460 4101 534 4149 simul
559 4110 686 4165 aspectum
710 4110 734 4151 et

159 4162 289 4225 probatum
304 4169 348 4211 est.
382 4164 407 4212 Is
422 4165 450 4212 L.
464 4166 554 4215 Crasso
571 4168 602 4229 Q.
614 4167 734 4217 Scaevola

159 4228 302 4277 consulibus
315 4230 422 4292 primum
439 4232 464 4280 in
483 4233 537 4280 foro
551 4232 613 4282 dixit
628 4241 651 4282 et
666 4234 732 4297 apud

159 4293 205 4341 hos
217 4294 284 4356 ipsos
296 4295 396 4358 quidem
407 4297 528 4358 consules,
541 4305 566 4346 et
579 4314 635 4346 cum
648 4313 734 4348 eornm

158 4362 201 4425 qui
212 4361 348 4421 adfuerunt,
360 4371 414 4409 tum
429 4363 539 4426 ipsorum
550 4363 679 4412 consulum
690 4365 732 4427 qui

160 4445 246 4478 omnes
256 4429 425 4493 intellegentia
436 4431 571 4493 anteibant,
580 4429 672 4479 iudicio
684 4429 731 4477 dis·

784 2005 855 2054 cessit
866 2004 991 2068 probatus.
1026 2003 1185 2067 Undeviginti
1198 2019 1275 2052 annos
1288 2010 1360 2053 natus

785 2078 836 2118 erat
852 2085 882 2118 eo
896 2067 1020 2134 tempore?
1054 2070 1100 2118 See
1114 2071 1169 2118 also
1182 2069 1224 2118 the
1236 2068 1308 2117 fuller
1319 2085 1358 2117 ac·
1424 2080 1432 2092 ¹

785 2144 859 2184 count
871 2137 896 2184 in
908 2137 975 2184 Brut.
989 2149 1033 2195 301
1047 2135 1072 2184 ff.
1106 2135 1161 2184 The
1172 2134 1264 2198 special
1276 2134 1359 2198 points

785 2202 946 2250 commended
956 2217 996 2249 are
1004 2202 1043 2250 his
1051 2201 1233 2263 extraordinary
1240 2215 1358 2263 memory,

785 2268 823 2314 his
842 2268 973 2327 ambition,
992 2267 1030 2314 his
1051 2274 1164 2315 constant
1184 2267 1300 2328 practice,
1320 2265 1358 2313 his

785 2331 843 2379 skill
855 2332 880 2378 in
891 2346 1069 2396 arrangement,
1077 2331 1116 2379 his
1126 2331 1244 2394 carefully
1252 2330 1358 2378 selected

785 2396 834 2444 and
860 2405 901 2459 yet
926 2399 1029 2460 copious
1055 2397 1148 2445 diction
1177 2396 1280 2459 (‘eaque
1305 2402 1358 2443 erat

784 2477 841 2511 cum
852 2478 950 2510 summo
961 2463 1061 2525 ingenio
1076 2472 1128 2510 tum
1143 2461 1358 2509 exercitationibus

785 2528 899 2575 maximis
907 2534 1050 2576 consecutus
1055 2525 1081 2589 ’),
1093 2525 1131 2574 his
1142 2526 1270 2589 agreeable
1279 2525 1356 2586 voice,

784 2592 834 2640 and
842 2592 939 2641 studied
948 2608 1020 2656 grace
1029 2593 1058 2640 oi
1065 2592 1172 2654 delivery
1179 2591 1261 2639 which
1271 2590 1357 2638 ‘etiam

785 2657 923 2744 plus,artis
950 2659 1065 2716 habebat,
1088 2672 1162 2720 quam
1188 2665 1240 2704 erat
1266 2655 1358 2704 oratori

783 2725 849 2772 satis.

819 2803 857 2836 10.
874 2803 933 2838 non
948 2791 1005 2848 ille,
1022 2794 1078 2848 etc,
1099 2787 1133 2835 ‘it
1151 2787 1172 2835 is
1191 2802 1224 2835 no
1243 2784 1357 2848 ordinary

785 2862 867 2902 orator
889 2854 946 2902 who
968 2856 989 2902 is
1011 2855 1124 2917 growing
1147 2869 1182 2916 up
1207 2853 1233 2900 in
1255 2852 1308 2899 him
1330 2859 1357 2898 to

784 2919 886 2969 succeed
903 2935 965 2983 your
974 2920 1125 2983 generation,
1138 2919 1182 2966 but
1197 2932 1242 2966 one
1256 2917 1299 2976 oi,’
1311 2924 1355 2965 etc.

784 2985 847 3033 This
855 3001 897 3034 use
904 2985 934 3033 oi
938 2990 1014 3034 aetas
1024 2986 1062 3032 sor
1071 2985 1176 3032 ‘menos
1182 2999 1197 3030 a
1203 2980 1357 3046 generation’

784 3066 813 3099 or
832 3051 911 3099 rather
931 3051 976 3098 ‘oi
992 3067 1007 3098 a
1025 3049 1158 3114 particular
1176 3050 1236 3098 time
1255 3049 1283 3097 of
1299 3045 1356 3095 liie’

786 3116 946 3179 (Hortensius
963 3132 1013 3164 was
1029 3126 1069 3164 ten
1088 3130 1157 3178 years
1173 3129 1283 3177 younger
1297 3112 1358 3160 than

784 3181 909 3244 Sulplcins
916 3182 964 3229 and
970 3180 1066 3242 Cotta),
1075 3183 1095 3228 is
1102 3195 1159 3242 very
1166 3196 1219 3228 rare
1227 3181 1253 3228 in
1261 3179 1357 3234 Cicero,

784 3247 832 3293 and
851 3247 950 3295 became
967 3261 1083 3294 common
1099 3245 1157 3307 only
1169 3246 1194 3292 in
1210 3251 1297 3308 poetry
1309 3244 1358 3292 and

784 3312 809 3359 in
821 3312 1017 3375 post-Augustan
1028 3327 1108 3374 prose.
1142 3311 1191 3357 But
1202 3312 1222 3356 it
1233 3311 1254 3357 is
1269 3317 1313 3357 not
1328 3324 1357 3356 so

783 3377 887 3438 entirely
906 3377 1031 3425 restricted
1053 3385 1079 3424 to
1102 3375 1169 3424 these
1192 3391 1219 3423 as
1238 3374 1267 3422 L.
1287 3377 1311 3421 δι
1331 3374 1355 3422 S.

784 3441 867 3490 would
887 3442 978 3505 imply:
1005 3458 1043 3505 cp.
1063 3456 1108 3504 pro
1126 3440 1181 3490 Mil.
1202 3451 1232 3503 77
1251 3439 1357 3487 ‘multas

783 3518 866 3555 tamen
877 3508 993 3555 victorias
1008 3515 1075 3555 aetas
1089 3514 1172 3555 nostra
1185 3506 1247 3553 vidit
1256 3503 1273 3562 ’ς
1291 3503 1356 3551 Pht.

783 3574 816 3620 xi.
830 3586 860 3635 39
877 3576 960 3620 ‘aetas
971 3573 1079 3620 succedit
1090 3571 1165 3620 aetati
1174 3569 1191 3618 ἐ
1210 3572 1235 3618 in
1248 3571 1314 3618 Verr.
1330 3569 1355 3617 ii.

786 3639 829 3686 181
844 3638 884 3684 ‘in
893 3637 1080 3701 publicanorum
1090 3639 1169 3686 causis
1177 3637 1216 3684 vel
1225 3635 1357 3700 plurimum

784 3703 871 3752 aetatis
878 3703 1045 3752 meaeversor'
1056 3703 1076 3751 is
1085 3704 1191 3766 perhaps
1198 3702 1345 3763 ambiguous
1349 3715 1356 3759 ;

784 3770 832 3816 and
845 3785 890 3831 pro
906 3770 983 3817 Marc.
996 3784 1011 3831 9
1025 3772 1084 3818 ‘nec
1098 3768 1150 3816 ulla
1166 3782 1273 3831 unquam
1289 3772 1357 3812 aetas

784 3834 814 3882 de
834 3835 882 3882 tuis
902 3833 1015 3882 laudibus
1032 3831 1194 3883 conticescet'
1212 3847 1270 3894 may
1287 3830 1357 3878 show

784 3915 799 3946 a
810 3907 875 3948 trace
887 3900 915 3947 of
924 3901 986 3947 later
994 3899 1112 3961 Latinity.
1146 3899 1170 3946 It
1182 3898 1202 3946 is
1213 3895 1356 3959 impossible

784 3964 877 4027 always
892 3973 919 4012 to
931 3965 998 4012 draw
1010 3966 1051 4012 the
1067 3965 1116 4012 line
1132 3966 1241 4012 between
1256 3962 1297 4009 the
1313 3963 1356 4008 ab·

784 4036 856 4078 straet
872 4031 921 4077 and
936 4031 977 4078 the
989 4030 1116 4078 collective
1127 4045 1170 4077 use
1182 4028 1211 4075 os
1225 4027 1266 4075 the
1278 4025 1354 4085 word,

784 4096 831 4143 and
840 4097 882 4143 the
890 4097 980 4143 former
988 4096 1009 4143 is
1020 4095 1091 4158 iairly
1100 4109 1214 4142 common
1226 4093 1251 4140 in
1260 4092 1355 4150 Cicero,

783 4161 878 4223 though
891 4161 928 4208 iar
937 4162 985 4208 less
996 4176 1111 4209 common
1123 4160 1182 4207 than
1191 4160 1232 4206 the
1242 4159 1357 4220 meaning

784 4227 861 4275 ‘time
872 4227 902 4274 oi
916 4227 972 4274 life?
1007 4226 1054 4290 Cp.
1070 4227 1145 4274 ‘haec
1162 4220 1243 4272 aetas'
1255 4223 1317 4286 Rep.
1329 4223 1355 4270 ir.

785 4305 823 4354 19,
836 4295 936 4340 ‘nostra
951 4296 1032 4340 aetas·
1046 4292 1079 4341 ib.
1091 4306 1114 4338 v.
1129 4304 1150 4348 a,
1164 4289 1260 4337 ‘omnis
1274 4286 1354 4337 aetas'

782 4357 813 4406 de
828 4359 885 4406 Div.
899 4359 915 4406 i.
928 4368 969 4420 37,
980 4357 1042 4406 ‘alia
1053 4373 1083 4406 ex
1094 4356 1146 4404 alia
1159 4353 1243 4416 aetas,’
1255 4354 1286 4404 de
1297 4354 1356 4403 Am.

786 4437 839 4484 101,
851 4432 898 4473 etc.
