3046 5040
543 311 611 372 DE
633 314 759 374 012an
758 313 852 374 ORE
871 315 941 378 III.

1185 375 1188 379 ,
1281 333 1341 398 115

143 503 217 548 cum
246 484 293 547 eis
321 483 409 565 ipsis,
434 485 524 566 apud
550 504 633 566 quos
660 485 758 562 dicas
784 483 1000 560 deliberati03
1034 507 1164 550 morum
1188 507 1226 550 ac
1252 488 1341 551 vitae

143 588 287 651 imitatio
308 587 360 651 vel
380 589 413 650 in
432 588 581 670 personis
603 587 655 650 vel
679 589 748 652 sine
771 587 843 664 illis,
867 609 1022 670 magnum
1049 591 1218 673 quoddam
1244 611 1340 653 orna-

143 700 291 755 mentum
308 692 464 755 orationis
478 701 512 755 et
527 702 643 774 aptum
663 695 705 757 ad
724 693 851 756 animos
867 693 1089 757 conciliandos
1108 694 1160 758 vel
1182 695 1340 771 maxime,

143 815 242 876 saepe
257 804 368 859 autem
384 795 485 859 etiam
501 796 839 872 adcommovendom
860 817 1074 878 personarum
1096 797 1174 862 ficta
1195 799 1340 862 inductio
1354 809 1407 854 20⁵

116 898 195 972 5vel
211 899 439 981 gravissimum
460 898 571 962 lumen
591 899 752 982 augendi;
778 901 964 985 descriptio,
985 902 1101 965 erroris
1122 902 1278 978 inductio,
1297 903 1339 965 ad

143 1002 343 1066 hilaritatem
364 1002 528 1086 impulsi0,
547 1005 818 1086 anteoccupati03
842 1015 913 1067 tum
930 1005 996 1068 duo
1012 1005 1076 1080 illa,
1092 1025 1177 1086 quae
1194 1007 1341 1070 maxime

145 1218 257 1260 sentence
285 1211 368 1260 would
399 1228 444 1260 run
475 1227 544 1260 more
575 1212 716 1276 smoothly:

145 1277 328 1340 ‘praemunitio
347 1277 422 1326 etiam
442 1285 477 1326 est
495 1277 527 1326 ad
545 1277 570 1324 id
587 1278 654 1341 quod
674 1294 717 1340 ag-

146 1342 267 1405 grediare,
286 1342 324 1391 vel
344 1358 400 1391 cum
419 1341 514 1407 aliquid
531 1359 546 1390 a
563 1348 587 1391 te
605 1343 660 1406 ipso
679 1359 718 1392 re-

146 1407 214 1467 icias,
233 1415 258 1456 et
275 1407 386 1457 traiectio
404 1408 430 1455 in
446 1405 540 1456 alium!
575 1408 623 1471 Cp.
643 1409 716 1457 Alex.

146 1472 256 1520 Numen.
277 1472 360 1531 (Rhet.
380 1473 423 1522 Gr.
446 1473 482 1520 iii.
507 1471 546 1533 26,
569 1473 661 1537 quoted
684 1474 717 1536 by

145 1535 251 1601 Sandys)
264 1535 323 1585 ὅταν
340 1537 382 1599 ἀφ’
396 1537 490 1586 ἑαυτῶν
504 1537 655 1598 attribuer
672 1540 717 1599 τὴν

145 1601 225 1650 clrior
237 1637 243 1650 .
254 1639 275 1652 ..
286 1601 355 1662 ἣτόν
367 1601 489 1651 ἀντίδικον
501 1604 533 1652 eis
543 1601 624 1650 atrior
635 1607 717 1652 καθισ·

144 1668 232 1728 τῶμεν.
280 1668 423 1718 Volkmann
445 1669 579 1718 illustrates
607 1669 656 1734 this
685 1670 717 1732 by

145 1735 217 1783 Dem.
230 1736 259 1785 F.
271 1734 300 1782 1..
310 1750 352 1798 pp.
366 1747 422 1795 230,
434 1747 487 1795 232.

187 1803 412 1860 communicatio,
456 1796 628 1849 tornatioris:
674 1802 717 1850 ‘ut

145 1880 219 1930 saepe
230 1882 288 1916 curu
305 1865 341 1914 eis
353 1867 395 1929 qni
406 1865 518 1923 audiunt,
530 1881 579 1913 nou
591 1881 716 1929 nunquam

144 1933 221 1981 etiam
244 1946 299 1980 cum
322 1930 462 1979 adversario
490 1931 560 1994 quasi
582 1929 716 1981 deliberet.¹

146 1998 215 2046 Orat.
232 1997 292 2058 138:
311 2011 350 2058 cp.
364 1995 448 2058 Quint.
461 1996 493 2044 ix.
507 2009 529 2056 2,
544 2009 574 2045 2ο
586 1999 659 2045 ‘cum
675 2003 717 2045 aut

145 2063 213 2125 ipsos
225 2061 377 2111 adversarios
390 2062 556 2110 consulimus.
570 2097 575 2109 .
588 2097 594 2109 .
607 2069 649 2109 aut
661 2077 716 2110 cum

145 2128 268 2176 iudicibus
279 2126 341 2191 ipsis
356 2126 530 2185 deliberamus,
543 2126 611 2190 quod
622 2133 659 2175 est
671 2127 716 2175 fre·

144 2192 347 2257 quentissimum:
376 2191 440 2255 quid
468 2191 596 2240 suadetii?
623 2200 648 2240 et
676 2207 718 2240 vos

145 2259 268 2321 interrogo
290 2256 354 2320 quid
372 2257 471 2304 tandem
485 2257 553 2321 ficri
578 2257 717 2320 oportuit?’

146 2323 208 2371 This
219 2324 240 2371 is
252 2322 310 2371 akin
322 2328 350 2370 to
360 2321 402 2371 the
419 2322 556 2372 dubitatio:
575 2338 613 2386 cp.
626 2338 679 2371 cxx.
692 2322 717 2370 in

147 2387 298 2447 Volkmann,
311 2403 335 2450 p.
348 2400 404 2451 497.

181 2467 202 2503 2.
220 2456 359 2502 imitatio:
389 2455 430 2500 ‘ut
447 2450 576 2500 hominum
593 2467 717 2501 sermones

145 2534 274 2581 moresque
285 2515 424 2576 describat,’
438 2517 506 2567 Orat.
520 2517 575 2579 138,
587 2533 626 2582 cp.
639 2519 716 2566 ‘vitae

146 2590 337 2646 naturarumque
357 2580 478 2631 imitatio’
498 2583 523 2631 in
548 2587 560 2641 5
587 2595 633 2647 139
654 2582 716 2631 with

145 2646 248 2712 Sandys‘
268 2655 345 2697 note:
370 2647 401 2696 ad
421 2647 482 2696 Her.
500 2648 532 2695 iv.
553 2648 585 2709 63
604 2649 717 2698 ‘notatio

144 2722 183 2764 est
200 2730 255 2763 cum
273 2713 377 2762 alicuius
391 2722 478 2762 natura
490 2713 561 2762 certis
573 2713 717 2764 describitur

147 2781 233 2843 signis,
240 2794 312 2843 quae,
320 2778 383 2827 sicut
392 2785 466 2826 notae
475 2779 607 2842 quaedam,
616 2786 717 2827 naturae

147 2846 196 2894 sint
217 2845 333 2893 attributa
344 2841 364 2892 :’
388 2843 497 2904 ἠθοποιΐα
522 2843 600 2892 Rutil.
617 2845 681 2907 Lup.
699 2843 716 2892 i.

148 2923 187 2970 22,
209 2908 294 2975 Aquil.
317 2909 391 2957 Rom.
420 2913 432 2967 5
456 2926 480 2971 4,
503 2908 585 2957 Rufin.
611 2923 640 2970 13
666 2915 717 2958 ‘est

146 2975 284 3024 alienorum
301 2973 431 3023 affectuum
445 2974 625 3037 qualiumlibet,
638 2975 716 3023 dicto·

146 3056 249 3104 rumque
260 3038 376 3099 imitatio,
388 3055 437 3087 non
449 3040 500 3088 sine
512 3036 716 3103 reprehensione?

147 3105 209 3155 This
226 3106 247 3154 is
259 3104 336 3168 justly
350 3105 469 3153 excluded
489 3105 554 3153 from
570 3104 613 3154 the
629 3104 718 3168 figures

147 3171 176 3219 of
184 3169 291 3234 thought
302 3171 335 3233 by
346 3169 499 3231 Volkmann,
509 3187 533 3234 p.
545 3184 601 3232 490.

179 3251 203 3298 4.
221 3251 402 3293 personarum
421 3239 487 3284 ficta
505 3237 643 3289 inductio,
661 3251 716 3296 προ-

146 3299 285 3360 σωποποιΐα,
308 3303 350 3348 ‘ut
367 3308 435 3349 muta
453 3301 578 3363 loquentia
600 3297 717 3360 inducat,’

146 3367 215 3416 Orat.
229 3367 287 3426 138:
300 3365 332 3413 ad
344 3365 403 3415 Her.
412 3366 444 3416 iv.
456 3365 488 3414 66
502 3365 672 3430 ‘conformatio
680 3372 717 3414 est

146 3448 201 3482 cum
220 3431 305 3495 aliqua
321 3447 384 3495 quae
400 3447 450 3479 non
465 3431 533 3480 adest
545 3446 648 3495 persona
660 3446 717 3479 con-

146 3497 255 3560 fingitur,
276 3497 345 3560 quasi
365 3496 437 3556 adsit,
458 3504 500 3545 aut
519 3511 574 3544 cum
592 3511 629 3544 res
648 3505 718 3544 muta

146 3571 189 3611 aut
206 3562 318 3610 informis
335 3561 363 3610 fit
380 3561 498 3625 eloquens
516 3570 540 3611 et
557 3561 636 3610 forma
653 3560 676 3610 ei
693 3567 717 3610 et

147 3627 228 3676 oratio
236 3627 717 3691 attribuituraddignitatemaccommo-

145 3693 205 3742 data
227 3699 270 3741 aut
292 3692 359 3741 actio
381 3689 518 3755 quaedam'
559 3693 621 3740 This
643 3691 717 3755 again

147 3759 219 3807 teuds
234 3765 262 3806 to
279 3765 367 3805 outrun
384 3758 426 3806 the
443 3757 520 3806 limits
536 3758 565 3806 of
576 3773 591 3805 a
603 3756 679 3820 figure
691 3757 721 3805 of

147 3823 260 3886 thought,
277 3822 360 3871 which
377 3822 467 3871 should
484 3824 514 3871 be
532 3821 646 3871 confined
662 3828 689 3870 to
702 3839 718 3871 a

148 3888 227 3951 single
238 3894 358 3937 sentence.
392 3888 440 3952 Cp.
458 3887 609 3948 Volkmann,
622 3903 646 3952 p.
660 3887 717 3952 489,

146 3953 202 4002 also
214 3970 256 4018 pp.
269 3954 317 4001 280
328 3953 377 4000 and
389 3966 444 4014 312.

181 4032 204 4080 5.
223 4022 380 4076 descriptio,
398 4017 528 4080 ἀπογραφή
543 4034 570 4067 or
582 4015 718 4079 ὑπογραφή,

148 4099 181 4132 an
192 4083 333 4148 impressive
341 4083 436 4147 picture
448 4085 475 4132 of
484 4085 525 4133 the
537 4083 624 4132 results
635 4083 718 4132 which

147 4149 200 4197 will
211 4149 311 4198 follow:
327 4149 360 4197 ad
370 4149 430 4197 Her.
441 4150 472 4197 iv.
483 4163 512 4212 51
527 4150 565 4197 ‘d.
578 4149 719 4197 nominatur

148 4229 211 4278 quae
228 4229 308 4262 rerum
325 4216 526 4278 consequentium
543 4214 653 4262 continet
665 4229 718 4276 per·

147 4280 258 4343 spicuam
276 4286 299 4328 et
316 4278 451 4327 dilucidam
469 4296 525 4328 cum
540 4279 660 4343 gravitate
677 4294 718 4327 ex·

148 4345 306 4408 positionem,
325 4344 375 4392 hoc
394 4345 486 4394 modo:
512 4344 579 4409 quod
597 4345 618 4392 si
636 4344 717 4402 istum,

148 4409 250 4471 iudices,
281 4410 367 4460 vestris
395 4411 521 4459 sententiis
548 4408 718 4469 liberaveritis,

768 1214 852 1262 statim
862 1215 924 1263 sicut
932 1229 946 1263 e
955 1229 1030 1263 cavea
1040 1214 1081 1263 leo
1090 1214 1193 1264 emissus
1202 1222 1244 1264 aut
1254 1215 1338 1280 aliqua

768 1280 910 1328 taeterrima
927 1279 1001 1328 belua
1018 1280 1100 1328 soluta
1117 1296 1147 1328 ex
1166 1279 1258 1330 catenis
1276 1281 1339 1341 voli-

768 1345 832 1393 tabit
849 1353 873 1393 et
889 1345 1020 1408 vagabitur
1031 1345 1055 1393 in
1069 1345 1131 1405 ioro,
1144 1361 1233 1394 acuens
1249 1345 1338 1406 dentis,

769 1409 888 1458 insultans
905 1409 930 1456 in
948 1410 1063 1474 cuiusque
1081 1410 1198 1470 fortunas,
1215 1412 1239 1459 in
1258 1412 1339 1462 omnis

768 1474 864 1523 amicos
883 1481 957 1538 atque
976 1476 1099 1535 inimicos,
1117 1484 1191 1524 notos
1210 1482 1284 1540 atque
1302 1476 1338 1540 ig·

768 1548 841 1588 notos
852 1538 993 1599 incursans,’
1007 1548 1053 1590 etc.
1087 1540 1150 1589 This
1163 1541 1185 1589 is
1196 1541 1312 1606 properly
1323 1557 1339 1590 a

768 1621 854 1654 means
877 1605 905 1653 of
924 1606 1031 1669 exciting
1053 1603 1126 1654 πάθος
1145 1605 1226 1655 rather
1244 1607 1303 1655 than
1324 1623 1340 1655 a

769 1669 846 1733 figure
858 1670 886 1719 of
895 1670 1010 1733 thought.
1045 1671 1125 1721 There
1140 1671 1161 1720 is
1176 1672 1340 1721 asomewhat

768 1735 880 1785 different
897 1751 940 1785 use
958 1735 986 1784 of
994 1736 1036 1785 the
1048 1737 1117 1785 word
1128 1737 1154 1784 in
1166 1737 1250 1801 Aquil.
1263 1738 1337 1784 Rom.

770 1803 783 1859 ξ
799 1813 836 1863 13,
848 1800 928 1850 where
940 1801 959 1850 it
970 1801 1098 1851 translates
1109 1800 1256 1852 diarritorum.
1291 1802 1339 1866 Cp.

768 1866 873 1926 Emesti‚
886 1866 945 1914 Lex.
957 1866 1034 1915 Tech.
1046 1881 1064 1915 s.
1071 1884 1093 1917 v.

801 1935 904 1980 erroris
923 1935 1067 1981 inductio:
1094 1932 1150 1982 ‘the
1170 1933 1338 1982 introduction

768 1996 798 2046 of
823 2012 892 2047 some
914 1996 996 2054 error,'
1020 1998 1091 2046 when
1113 1997 1156 2047 the
1177 1999 1273 2046 hearers
1297 2014 1339 2046 are

768 2062 878 2112 diverted
887 2062 950 2111 from
959 2060 1000 2112 ibe
1011 2063 1082 2126 point
1094 2069 1119 2111 at
1131 2063 1202 2120 issue,
1212 2065 1252 2111 ‘ut
1265 2063 1297 2111 ab
1308 2079 1339 2112 co

769 2128 836 2191 quod
853 2128 941 2190 agitur,
953 2135 1046 2177 avertat
1057 2127 1165 2177 animos'
1179 2129 1260 2191 (Orat.
1272 2129 1338 2189 138).

768 2194 816 2256 Cp.
834 2193 919 2255 Quint.
937 2194 969 2241 ix.
990 2206 1011 2250 2,
1031 2194 1061 2255 38
1081 2196 1195 2242 ‘aversus
1212 2209 1338 2259 quoquea

768 2257 848 2307 iudice
859 2273 949 2317 sermo,
962 2258 1003 2322 qui
1014 2258 1103 2308 dicitur
1114 2258 1265 2321 ἀποστροφή,
1278 2259 1339 2308 mire

768 2329 859 2381 movet,
881 2323 931 2371 sive
950 2323 1103 2372 adversarios
1123 2324 1268 2384 invadimus,
1287 2325 1338 2373 sive

767 2389 800 2436 ad
823 2388 1005 2438 invocationem
1033 2388 1142 2453 aliquam
1169 2389 1338 2449 convertimur,

767 2455 818 2502 sive
835 2454 867 2502 ad
885 2454 1031 2501 invidiosam
1048 2454 1255 2518 implorationem.
1289 2455 1338 2503 sed

767 2519 812 2567 illa
829 2534 927 2583 quoque
943 2526 1046 2567 vocatur
1062 2519 1158 2567 aversio
1175 2535 1237 2583 quae
1254 2537 1269 2567 a
1282 2535 1338 2584 pro-

767 2584 851 2648 posita
878 2583 1019 2647 quaestione
1053 2584 1154 2632 abducit
1181 2583 1338 2633 audientem!

768 2650 792 2698 It
810 2649 832 2697 is
852 2649 893 2697 the
915 2647 989 2698 latter
1009 2649 1070 2697 kind
1094 2649 1123 2697 of
1140 2650 1235 2697 aversio
1257 2649 1338 2698 which

767 2715 927 2778 corresponds
944 2722 970 2762 to
987 2713 1029 2763 the
1045 2714 1140 2762 erroris
1156 2714 1274 2772 inductio,
1294 2723 1337 2763 not

766 2780 810 2828 the
827 2780 922 2839 former,
941 2778 983 2828 the
1000 2780 1059 2842 only
1072 2780 1135 2828 form
1149 2780 1294 2843 recognised
1305 2781 1338 2843 by

767 2845 861 2908 Aquila
893 2845 965 2893 Rom.
995 2860 1018 2908 9,
1052 2844 1123 2893 when
1156 2845 1339 2893 ‘convertimus

768 2911 906 2959 orationem
917 2911 942 2958 in
954 2926 1022 2959 reum
1031 2911 1064 2958 ab
1072 2907 1169 2959 iudice.'
1202 2910 1249 2974 Cp.
1261 2911 1337 2959 Caus-

767 2983 825 3029 erct,
837 2992 861 3039 p.
877 2976 932 3034 188,
945 2976 1097 3036 Volkmann,
1110 2991 1134 3039 p.
1148 2989 1205 3038 500,
1222 2975 1280 3024 who
1297 2991 1337 3023 ex·

767 3039 850 3104 plains
865 3041 908 3088 the
925 3057 994 3090 more
1011 3041 1135 3090 restricted
1147 3040 1196 3090 and
1207 3041 1250 3089 the
1262 3041 1338 3090 wider

767 3121 809 3154 use
821 3105 849 3153 of
858 3106 900 3154 the
910 3112 980 3154 term.

801 3174 837 3219 ad
864 3173 1039 3220 hilaritatem
1070 3175 1211 3231 impulsio,
1242 3173 1285 3219 ‘ut
1313 3172 1338 3219 iu

768 3235 918 3285 hilaritatem
928 3237 1032 3285 risumve
1041 3235 1262 3300 convertat’(0rat.
1273 3237 1337 3297 l.c.):

768 3316 807 3366 cp.
831 3301 856 3349 ii.
881 3299 935 3359 262,
961 3303 1014 3364 285.
1049 3301 1103 3350 The
1126 3302 1208 3351 Greek
1231 3308 1294 3349 term
1317 3302 1338 3349 is

769 3364 946 3427 χαριεντισμός,
961 3366 1062 3415 ‘festiva
1073 3367 1151 3416 dictio
1162 3382 1218 3416 cum
1229 3367 1338 3416 amoeni·

767 3438 818 3480 tate
830 3430 949 3479 mordax’
963 3431 1023 3495 (Jul.
1036 3431 1118 3480 Rufin.
1131 3430 1183 3494 39).

800 3495 824 3546 6.
841 3500 1064 3556 anteoccupatio,
1087 3496 1212 3560 πρόληψις,
1231 3511 1260 3544 or
1282 3514 1338 3559 προ·

768 3560 921 3625 κατάληψιςτ
946 3578 984 3626 cp.
1006 3562 1091 3624 Quint.
1112 3562 1144 3611 iv.
1167 3575 1188 3622 1,
1209 3576 1242 3624 49
1259 3563 1339 3610 ‘ratio

768 3627 906 3691 occupandi
926 3643 989 3691 quae
1008 3627 1122 3676 videntur
1140 3628 1255 3676 obstare:
1281 3626 1338 3675 inde

768 3693 875 3742 ostendit
883 3692 1033 3757 hancipsam
1042 3692 1236 3756 [accusationem
1244 3692 1337 3754 Verris]

767 3773 819 3807 esse
830 3758 953 3807 sociorum
964 3758 1141 3807 defensionem:
1160 3757 1226 3821 quod
1238 3758 1338 3805 schema

768 3823 885 3886 πρόληψις
901 3822 1004 3872 dicitur!
1038 3824 1093 3872 The
1110 3839 1178 3872 more
1193 3822 1263 3871 usual
1275 3830 1338 3871 term

768 3887 949 3952 προκατάληψις
968 3889 989 3936 is
1006 3887 1083 3936 found
1100 3904 1148 3952 eg.
1166 3889 1192 3935 in
1213 3888 1284 3936 Rhet.
1305 3886 1338 3936 ad

768 3954 840 4002 Alex.
861 3969 882 4003 c.
904 3954 942 4012 18,
963 3953 1036 4002 Rhet.
1057 3953 1101 4002 Gr.
1122 3953 1157 4001 iii.
1180 3950 1208 4000 16
1229 3952 1272 4016 Sp.
1291 3960 1337 4004 etc.

769 4019 949 4068 Demosthenes
960 4018 981 4066 is
996 4018 1130 4082 especially
1140 4017 1249 4067 effective
1261 4018 1286 4066 in
1298 4018 1338 4067 his

768 4083 942 4148 anticipations
953 4083 983 4131 of
989 4099 1021 4132 au
1032 4083 1180 4148 opponent's
1189 4091 1336 4146 arguments.

769 4150 816 4214 Cp.
835 4149 986 4209 Volkmann,
1007 4164 1032 4213 p.
1054 4159 1108 4212 279.
1144 4149 1173 4196 In
1193 4148 1274 4208 Latin,
1295 4150 1338 4198 the

768 4215 868 4278 phrases
878 4216 910 4277 by
919 4212 999 4262 which
1011 4214 1030 4262 it
1038 4215 1059 4262 is
1070 4212 1213 4264 introduced
1225 4229 1266 4262 are
1278 4213 1338 4262 such

769 4295 797 4327 as
815 4286 857 4328 ‘at
875 4277 958 4340 enim,¹
980 4279 1060 4330 ‘dicet
1079 4276 1184 4344 aliquis‘
1211 4294 1239 4326 or
1259 4279 1338 4343 ‘quis

769 4343 859 4458 plianlrfl'(
876 4344 994 4393 ‘forsitan
1016 4345 1140 4411 quispiam
1162 4342 1266 4405 dixerit,'
1290 4343 1340 4393 and

769 4416 812 4458 te
836 4412 840 4422 '
861 4426 882 4459 e.

720 4505 769 4557 12
