3046 5040
561 351 631 413 aa
652 353 872 415 arraona
890 352 962 416 [η.
1053 319 1055 324 ’

1300 372 1361 437 109

164 533 298 590 moveat
320 546 360 589 ac
382 525 536 604 delectet,
552 526 634 590 nihil
656 546 735 590 sane
757 526 863 608 egisse
881 525 1051 601 videatur3
1072 525 1153 590 nihil
1177 537 1227 590 est
1248 536 1360 590 autem

163 640 233 694 tam
265 639 444 713 cognatum
476 631 642 694 mentibus
672 631 792 694 nostris
822 650 923 713 quam
953 630 1083 694 numeri
1112 640 1213 714 atque
1241 651 1361 703 voces3

163 734 284 815 quibus
313 743 348 797 et
375 735 560 797 excitamur
582 744 615 798 et
648 734 853 797 incendimur
878 743 912 799 et
942 732 1084 798 lenimur
1114 743 1147 799 et
1177 735 1360 818 languesci-

164 857 238 900 mus
253 847 287 901 et
302 837 344 900 ad
361 837 562 901 hilaritatem
579 839 671 902 etad
689 838 858 902 tristitiam
874 858 973 919 saepe
988 837 1195 912 deducimur3
1219 858 1360 920 quorum

133 941 219 1018 5illa
236 962 364 1005 summa
380 943 429 1003 vis
451 941 651 1006 carminibus
671 951 721 1006 est
743 943 853 1024 aptior
874 951 907 1005 et
930 941 1089 1016 cantibus,
1109 962 1178 1005 non
1200 943 1359 1024 neglecta,

163 1054 200 1107 ut
223 1045 303 1107 mihi
321 1046 462 1122 videtur,
484 1067 505 1109 a
526 1045 637 1109 Numa
657 1066 734 1128 rege
754 1046 945 1110 doctissimo
963 1045 1208 1128 maioribusque
1229 1048 1360 1123 nostris,

163 1156 201 1212 ut
231 1148 402 1230 epularum
432 1148 643 1214 sollemnium
674 1149 756 1213 fides
786 1169 825 1213 ac
854 1148 956 1213 tibiae
987 1148 1219 1232 Saliorumque
1248 1171 1361 1213 versus

164 1252 331 1327 indicant;
362 1254 510 1316 maxime
533 1262 646 1316 autem
669 1274 690 1316 a
713 1252 851 1318 Graecia
873 1263 984 1316 vetere
1011 1252 1185 1317 celebrata.
1232 1252 1361 1336 Quibus

163 1357 289 1420 utinam
326 1357 554 1439 similibusque
585 1359 627 1421 de
658 1359 756 1421 rebus
785 1357 946 1440 disputari
976 1377 1076 1439 quam
1106 1358 1148 1420 de
1180 1357 1360 1438 puerilibus

119 1459 214 1527 rolris
236 1459 412 1523 verborum
439 1460 710 1526 translationibus
734 1461 952 1525 maluissetis!
993 1461 1120 1523 Verum
1145 1470 1181 1524 ut
1204 1462 1238 1522 in
1263 1481 1359 1524 versu
1373 1477 1427 1522 aas

161 1564 288 1644 volgus,
316 1564 343 1626 si
371 1575 421 1628 est
445 1576 629 1648 peccatum,
652 1566 754 1639 videt,
780 1566 835 1639 sic,
860 1563 887 1626 si
912 1565 991 1646 quid
1018 1565 1050 1627 in
1077 1572 1189 1627 nostra
1214 1565 1361 1629 oratione

162 1666 335 1745 claudicat,
356 1671 476 1744 sentit3
500 1670 558 1732 sed
578 1676 698 1751 poetae
721 1689 788 1732 non
803 1669 954 1751 ignoscit,
969 1669 1064 1731 nobis
1080 1669 1244 1733 concedit:
1268 1670 1360 1732 taciti

161 1781 274 1836 tamen
291 1792 407 1836 omnes
419 1793 486 1834 non
502 1794 574 1836 esse
590 1773 681 1848 illud,
698 1773 789 1855 quod
810 1773 965 1847 diximus
982 1782 1097 1854 aptum
1113 1772 1360 1855 perlectumque

161 1884 306 1940 cernunt.
354 1876 471 1957 ltaque
492 1875 538 1939 illi
559 1887 696 1951 veteres,
720 1877 804 1940 sicut
826 1875 924 1940 hodie
946 1877 1046 1939 etiam
1067 1896 1133 1939 non
1149 1875 1256 1939 nullos
1270 1879 1360 1940 vide·

117 2007 146 2057 15
162 1999 243 2056 mus,
275 1999 349 2042 cum
379 1980 552 2043 circuitum
581 1990 615 2043 et
639 1982 732 2062 quasi
758 1981 872 2044 orbem
899 1981 1074 2043 verborum
1104 1979 1264 2046 conficere
1294 2002 1361 2043 non

162 2093 305 2163 possent,
324 2103 401 2146 nam
426 2083 459 2145 id
482 2084 618 2164 quidem
641 2105 745 2165 nuper
766 2083 819 2147 vel
842 2105 939 2165 posse
961 2083 1013 2146 vel
1035 2084 1158 2147 audere
1180 2085 1361 2166 coepimus

160 2195 255 2249 terna
276 2197 333 2250 aut
356 2186 435 2249 bina
458 2199 514 2250 aut
537 2209 603 2251 non
625 2187 704 2250 nulli
727 2186 857 2271 singula
877 2188 977 2251 etiam
993 2187 1093 2250 verba
1109 2188 1282 2264 dicebant3
1305 2191 1361 2270 qui

162 2290 196 2353 in
218 2289 274 2352 illa
297 2289 433 2353 infantia
453 2290 604 2355 naturale
626 2291 716 2369 illud,
739 2292 829 2373 quod
850 2311 944 2353 aures
965 2290 1137 2353 hominum
1156 2290 1361 2372 flagitabant,

194 2425 218 2474 9.
239 2408 352 2470 Quibus.
366 2446 371 2458 .
385 2446 390 2457 .
402 2409 552 2457 maluissetis
564 2408 693 2458 Schuetzio
706 2416 804 2459 auctore
816 2407 964 2458 incluserunt
978 2407 1099 2458 nonnulli.
1161 2422 1199 2458 12.
1216 2409 1290 2458 taciti
1298 2411 1336 2458 M

603 2476 628 2522 hl
641 2474 669 2524 St
682 2476 701 2522 F
703 2491 721 2523 r.
733 2492 739 2524 :
755 2476 827 2524 tacite
838 2474 905 2539 vulg.

197 2587 219 2623 a.
247 2578 390 2624 mentibus
416 2578 531 2635 nostris,
555 2577 615 2624 ‘our
637 2575 736 2624 natural

161 2639 282 2703 leelings!

193 2704 512 2768 cognatum=oiupuron

186 2784 225 2883 lq..
235 2775 334 2856 aptior,
352 2777 435 2821 ‘more
451 2771 559 2836 adapted
576 2778 603 2820 to
620 2772 689 2820 show
706 2772 736 2820 it·

160 2851 186 2885 se
218 2851 250 2884 m.

194 2900 216 2949 6.
234 2905 441 2960 maioribusque
455 2906 579 2951 nostris:
603 2902 707 2965 Quintil.
719 2902 736 2950 i.

163 2979 201 3023 10,
222 2981 253 3015 20
272 2983 341 3030 says:
372 2970 496 3017 ‘veterum
520 2983 618 3032 quoque
641 2968 735 3016 Roma-

160 3048 247 3080 norum
257 3033 336 3096 epulis
345 3033 405 3082 fides
415 3051 443 3082 ac
452 3033 525 3082 tibias
533 3033 651 3082 adhibere
660 3034 735 3081 moris

160 3099 221 3147 fuit:
239 3114 322 3148 versus
333 3114 431 3163 quoque
443 3098 567 3147 Saliorum
578 3098 670 3147 habent
682 3114 733 3147 car·

158 3178 224 3212 men.
267 3164 337 3226 Quae
359 3165 443 3213 omnia
461 3179 517 3213 cum
540 3165 589 3212 sint
612 3181 627 3212 a
649 3165 734 3212 Numa

158 3244 216 3292 rege
228 3230 345 3289 instituta,
362 3230 454 3278 faciunt
465 3231 630 3284 manifestum,
642 3245 672 3278 ne
683 3229 734 3277 illis

158 3295 266 3358 quidem,
287 3296 329 3359 qui
346 3296 418 3344 rudes
435 3311 464 3343 ac
482 3295 595 3344 bellicosi
612 3295 731 3352 videntur,

158 3375 243 3408 curam
261 3361 371 3419 musices,
395 3368 513 3424 quantum
535 3360 580 3407 illa
599 3361 734 3424 recipiebat

157 3432 234 3485 aetas,
248 3423 368 3475 defuisse.¹
403 3427 450 3490 Cp.
467 3427 522 3474 also
535 3426 609 3474 Tusc.
627 3427 658 3474 iv.
678 3439 699 3478 2.
718 3439 732 3486 3

157 3493 331 3554 ‘gravissimus
353 3498 439 3540 auctor
457 3493 483 3540 in
505 3491 649 3554 Originibus
670 3491 733 3539 dixit

157 3556 223 3605 Cato
234 3572 328 3605 morem
340 3557 406 3620 apud
417 3558 523 3605 maiores
530 3556 596 3605 hunc
605 3557 732 3620 epularum

156 3621 239 3681 luisse,
251 3629 277 3671 ut
287 3623 402 3687 deinceps
413 3623 455 3686 qui
464 3623 610 3671 accubarent
620 3629 733 3671 canerent

157 3687 190 3735 ad
201 3688 288 3736 tibiam
304 3689 425 3736 claromrn
440 3689 546 3736 virorum
560 3687 647 3736 laudes
659 3696 733 3751 atque

156 3750 273 3801 virtutes!
306 3754 361 3802 The
372 3755 524 3817 importance
541 3754 570 3802 os
582 3753 650 3801 these
665 3753 733 3813 early

157 3832 232 3881 songs
248 3833 298 3866 was
311 3819 385 3868 much
397 3818 559 3881 exaggerated
574 3818 606 3881 by
620 3819 733 3867 Niebuhr

157 3883 236 3937 (Hist
249 3883 265 3931 i.
276 3884 343 3948 254),
353 3884 469 3932 followed
482 3886 514 3946 by
523 3884 656 3947 Macaulay
665 3885 732 3948 (Pre-

156 3948 210 3997 lace
225 3957 253 3997 to
267 3949 333 4013 Lays
348 3950 376 3998 oi
391 3951 497 3999 Ancient
514 3947 619 4011 Rome):
637 3965 652 3996 a
663 3965 732 3998 more

155 4014 250 4063 critical
266 4016 329 4063 view
346 4016 367 4063 is
384 4015 458 4063 taken
477 4016 510 4077 by
529 4014 615 4073 Sellar‚
632 4015 731 4063 Roman

156 4080 230 4128 Poets
239 4080 269 4127 ol
276 4081 318 4129 the
324 4080 455 4144 Republic‚
465 4096 486 4129 c.
494 4080 512 4128 ii
522 4097 528 4128 :
543 4080 573 4128 cf.
581 4078 731 4143 Schwegler,

156 4144 229 4193 Riim.
251 4145 340 4195 Gescb.
356 4147 374 4195 i.
391 4161 431 4209 24,
447 4159 493 4207 533
517 4145 640 4204 Ribbeck,
657 4146 730 4194 Ram.

156 4210 242 4277 Dicht.
254 4210 271 4259 i.
283 4212 297 4258 8
306 4227 313 4270 ;
330 4211 433 4270 Teuffel,
452 4211 527 4262 Rom.
544 4211 592 4260 Lit.
608 4212 623 4261 i.
641 4227 667 4275 p.
685 4225 729 4259 112

157 4277 243 4340 (trans.
255 4274 348 4337 Warr),
363 4281 375 4336 5
389 4277 428 4326 82.

190 4349 211 4404 7.
232 4344 427 4400 Saliorumque
439 4357 555 4391 versus:
574 4357 613 4406 cp.
625 4341 729 4401 Teuffel,

155 4406 171 4456 i·
183 4422 209 4470 Ρ·
224 4419 271 4454 100
283 4412 308 4466 ll
321 4407 374 4470 64)-

188 4485 212 4536 9.
229 4475 355 4523 utinam:
382 4473 471 4523 Cicero
498 4472 596 4537 implies
621 4472 674 4522 that
698 4471 731 4522 he

787 2573 872 2622 would
888 2573 950 2623 have
966 2572 1016 2622 bad
1033 2572 1107 2622 much
1125 2589 1193 2622 more
1208 2574 1320 2637 pleasure
1337 2575 1362 2624 in

787 2641 886 2702 writing
903 2640 981 2688 about
996 2639 1037 2686 the
1055 2639 1123 2702 early
1143 2639 1215 2687 Latin
1240 2640 1363 2690 literature

787 2706 847 2755 than
867 2706 944 2753 about
961 2705 1003 2752 the
1021 2711 1090 2768 petty
1113 2704 1178 2752 rules
1201 2705 1230 2752 of
1248 2705 1361 2764 rhetoric,

786 2771 867 2819 which
888 2771 950 2819 have
969 2769 1087 2833 occupied
1105 2769 1157 2817 him
1178 2770 1244 2819 since
1264 2776 1276 2830 ξ
1299 2774 1363 2836 148;

787 2836 855 2885 there
867 2837 888 2884 is
900 2836 1010 2900 possibly
1022 2835 1075 2883 also
1087 2852 1102 2884 a
1113 2836 1232 2885 reference
1244 2836 1362 2886 lorwards

786 2909 813 2951 to
829 2902 871 2951 the
887 2917 947 2951 even
964 2917 1030 2949 more
1045 2901 1167 2950 technical
1182 2902 1318 2951 discussion
1336 2903 1365 2952 oi

786 2967 827 3015 the
845 2967 962 3029 σχήματα
978 2968 1003 3015 in
1021 2970 1033 3024 ξ
1055 2981 1099 3013 202
1118 2966 1143 3014 ff.
1178 2967 1232 3016 The
1250 2969 1361 3017 Aeliana

786 3033 879 3092 stadia,
896 3049 924 3081 as
940 3033 998 3096 they
1009 3047 1051 3080 are
1064 3031 1144 3081 called
1160 3033 1185 3080 in
1197 3033 1213 3081 i.
1231 3047 1286 3096 193,
1298 3050 1361 3084 were

786 3099 920 3160 attracting
934 3098 1008 3147 much
1026 3099 1146 3147 attention
1163 3105 1188 3145 at
1205 3099 1247 3147 the
1263 3100 1323 3148 time
1335 3100 1364 3148 of

785 3163 894 3211 Cicero's
907 3163 1031 3227 boyhood.
1065 3163 1146 3212 There
1157 3178 1236 3212 seems
1247 3181 1280 3212 no
1293 3165 1360 3228 good

784 3244 871 3276 reason
882 3229 920 3276 for
928 3229 1044 3291 rejecting
1050 3228 1100 3276 this
1109 3227 1192 3276 clause
1198 3229 1259 3277 with
1266 3231 1359 3279 several

784 3294 886 3353 editors,
898 3294 961 3342 from
972 3295 1063 3342 Schiitz
1074 3300 1101 3341 to
1113 3293 1214 3354 Kayser.

819 3372 856 3407 10.
868 3353 1019 3407 verborum
1026 3362 1225 3408 translationes
1232 3381 1253 3398 =
1260 3364 1267 3387 ‘
1274 3361 1359 3410 verbal

783 3422 940 3488 metaphors'

818 3504 855 3552 15.
874 3493 954 3547 quasi
966 3492 1063 3537 orbem
1079 3494 1238 3549 verborum,
1256 3490 1359 3540 another

783 3561 889 3619 attempt
910 3562 938 3604 to
960 3555 1076 3604 translate
1099 3553 1211 3615 περίοδος,
1231 3556 1357 3605 ‘rounded

783 3619 861 3682 style?
896 3620 965 3670 Orat.
983 3635 1029 3683 149
1043 3623 1085 3668 ‘ut
1101 3620 1181 3668 forma
1195 3621 1249 3684 ipsa
1260 3622 1358 3670 concin-

782 3688 894 3750 nitasque
903 3687 1031 3734 verborum
1043 3685 1157 3734 conficiat
1163 3688 1248 3735 orbem
1259 3685 1357 3737 suum’:

783 3751 1227 3874 cpigibinigirviltiirisabiisyshffilsi
1246 3817 1267 3865 is
1289 3818 1357 3866 osten

782 3883 877 3946 spoken
888 3882 917 3932 ol
925 3899 952 3931 as
963 3883 1005 3931 the
1020 3883 1071 3930 first
1086 3891 1112 3929 to
1124 3883 1251 3931 introduce
1263 3884 1356 3932 artistic

782 3948 915 4012 eloqnence
933 3954 960 3997 at
977 3949 1074 3996 Rome:
1091 3963 1129 4011 cp.
1148 3949 1172 3997 ii.
1192 3962 1222 4010 53
1240 3948 1288 3996 aud
1302 3961 1356 4003 121.

781 4014 816 4062 iii.
830 4028 860 4075 33
873 4031 879 4062 τ
896 4015 964 4063 Orat.
979 4023 1021 4076 171
1037 4017 1096 4060 ‘nos
1107 4029 1185 4076 nuper
1196 4011 1356 4077 agnovimus!

782 4080 811 4127 Iu
821 4080 888 4129 Bmt.
901 4079 934 4142 96
942 4079 977 4126 M.
987 4078 1096 4142 Lepidus
1104 4079 1207 4126 Poaina
1217 4086 1295 4137 (cons.
1305 4090 1354 4128 lac.

785 4144 842 4207 137)
853 4145 874 4193 is
883 4144 976 4208 spoken
985 4145 1014 4192 os
1022 4159 1048 4192 as
1060 4144 1101 4192 the
1113 4143 1163 4192 first
1170 4153 1197 4191 to
1209 4143 1264 4207 give
1277 4152 1305 4192 to
1313 4145 1356 4194 the

782 4210 854 4258 Latin
862 4210 983 4273 language
989 4208 1031 4258 the
1039 4209 1193 4257 smoothness
1201 4209 1229 4257 os
1234 4210 1304 4272 style,
1312 4208 1355 4258 the

782 4273 928 4338 rhythmica]
941 4276 1067 4323 character
1078 4274 1220 4335 (veriorum
1232 4281 1355 4338 compren-

781 4341 837 4402 sio),
846 4341 895 4389 and
905 4341 947 4388 the
954 4339 1079 4388 elaborate
1086 4339 1158 4387 finish
1167 4340 1196 4387 os
1199 4339 1241 4388 the
1251 4340 1352 4390 Greeks.

815 4420 854 4470 17.
872 4412 962 4465 terna,
973 4405 1041 4453 three
1052 4404 1078 4453 in
1089 4404 1151 4453 each
1163 4404 1252 4454 clause.

816 4473 853 4522 18.
872 4474 1009 4520 infantia:
1028 4475 1111 4533 §r4a
