3046 5040
563 347 961 414 onomarchum.
1320 369 1359 435 ¹3

162 528 349 582 nostrorum
366 518 574 601 ingeniorum
590 519 677 583 acies
692 518 810 581 intueri
826 527 946 603 potest,
963 518 1019 601 qui
1041 519 1153 583 omnia
1168 519 1260 598 haec,
1275 543 1362 604 quae

161 642 261 705 supra
284 632 318 688 et
340 623 461 700 subter,
484 642 587 686 unum
609 641 681 686 esse
703 633 738 687 et
760 642 828 685 una
848 621 881 686 vi
904 631 1004 704 atque
1026 619 1123 710 [una]
1146 626 1362 690 consensione

161 736 298 790 naturae
314 725 491 789 constricta
505 746 577 789 esse
592 725 769 802 dixerunt3
793 726 921 790 nullum
942 735 993 791 est
1013 727 1102 789 enim
1122 747 1227 810 genus
1243 749 1361 805 rerum,

161 829 251 911 quod
267 838 326 892 aut
341 827 490 892 avolsum
506 850 527 892 a
541 829 658 895 ceteris
673 849 733 911 per
746 850 783 892 se
803 830 911 911 ipsum
930 838 1082 895 constare
1097 841 1155 895 aut
1170 851 1237 914 quo
1253 843 1362 896 cetera

134 933 189 1002 ssi
214 942 356 1006 careant,
382 933 450 996 vim
480 953 574 997 suam
605 942 705 1014 atque
735 933 967 999 aeternitatem
997 954 1191 998 conservare
1220 936 1360 1019 possint.

163 1035 231 1100 Sed
254 1036 282 1098 si
304 1035 386 1098 haec
410 1035 515 1100 maior
537 1056 608 1100 esse
631 1037 715 1103 ratio
736 1037 875 1114 videtur,
890 1057 991 1119 quam
1015 1046 1052 1100 ut
1066 1037 1240 1103 hominum
1256 1039 1402 1121 possita

161 1158 260 1202 sensu
283 1148 341 1202 aut
363 1139 564 1222 cogitatione
586 1139 831 1222 comprehendi,
849 1150 900 1204 est
921 1141 1021 1204 etiam
1045 1141 1101 1204 illa
1122 1141 1270 1206 Platonis
1284 1139 1408 1208 vera21

163 1251 197 1305 et
212 1242 282 1319 tibi,
301 1241 430 1314 Catule,
444 1253 534 1320 certe
550 1263 617 1305 non
630 1243 779 1307 inaudita
793 1264 872 1321 vox,
888 1263 1021 1307 omnem
1043 1245 1227 1309 doctrinam
1243 1245 1361 1310 harum

163 1346 378 1427 ingenuarum
393 1357 427 1411 et
442 1345 662 1410 humanarum
678 1347 799 1410 artium
813 1367 879 1411 uno
890 1347 1038 1428 quodam
1051 1347 1219 1413 societatis
1231 1349 1363 1413 vinculo

119 1469 150 1505 10
162 1451 347 1527 contineri3
371 1450 428 1513 ubi
450 1450 538 1513 enim
562 1459 736 1533 perspecta
758 1451 808 1514 vis
831 1461 882 1515 est
905 1450 1044 1514 rationis
1066 1451 1145 1528 eius,
1161 1471 1227 1532 qua
1245 1472 1363 1518 causae

163 1573 270 1616 rerum
286 1562 387 1634 atque
406 1553 516 1616 exitus
539 1564 792 1636 cognoscuntur,
813 1554 914 1616 mirus
934 1552 1072 1635 quidam
1095 1553 1244 1618 omnium
1267 1557 1362 1637 quasi

163 1676 343 1721 consensus
358 1657 583 1721 doctrinarum
600 1667 845 1739 concentusque
862 1658 1028 1739 reperitur.
1073 1657 1141 1722 Sed
1158 1658 1185 1720 si
1200 1657 1263 1722 hoe
1280 1680 1361 1741 quo·
1375 1673 1411 1718 22

163 1779 228 1842 que
251 1761 382 1823 videtur
407 1780 479 1823 esse
505 1760 613 1838 altius,
636 1781 737 1843 quam
764 1769 801 1823 ut
825 1759 858 1822 id
881 1780 942 1823 nos
966 1759 1058 1823 humi
1081 1760 1176 1825 strati
1197 1763 1363 1844 suspicere

162 1862 335 1947 possimus,
351 1862 432 1927 illud
455 1872 543 1928 certe
564 1872 686 1938 tamen,
708 1864 799 1946 quod
820 1864 968 1947 amplexi
982 1884 1104 1940 sumus
1120 1864 1211 1946 quod
1227 1864 1362 1947 profite-

118 1982 148 2032 15
163 1987 244 2042 mur,
259 1967 349 2048 quod
364 1967 579 2049 suscepimus,
596 1986 693 2031 nosse
708 1977 742 2032 et
757 1977 870 2030 tenere
885 1967 1055 2031 debemus.
1101 1968 1181 2033 Una
1196 1977 1247 2033 est
1262 1969 1362 2046 enim,

162 2071 252 2153 quod
279 2079 313 2133 et
337 2090 400 2152 ego
423 2070 578 2134 hesterno
602 2072 657 2134 die
684 2071 756 2136 dixi
780 2081 814 2137 et
840 2071 967 2153 aliquot
992 2070 1073 2136 locis
1100 2072 1362 2139 antemeridiano

181 2207 203 2242 2.
225 2192 300 2257 [una]
319 2193 449 2243 ‘omittunt
465 2193 544 2258 Lugg.
557 2208 649 2249 omnes,
665 2210 711 2244 uec
727 2193 755 2243 id
771 2193 893 2243 deterius’
906 2193 964 2256 Eli,
976 2194 1035 2244 incl.
1045 2193 1063 2245 S
1075 2195 1116 2244 Fr.
1180 2193 1218 2247 16.
1235 2195 1346 2245 hesterm

586 2259 644 2310 KS:
662 2259 776 2309 hesterna
787 2259 837 2308 Ell.
850 2260 870 2308 P
883 2261 922 2310 Fr.

162 2364 208 2407 not
216 2373 373 2406 uncommon.
393 2358 440 2421 Cp.
451 2357 661 2413 Eberhard,Lect.
667 2357 736 2408 Tull.
785 2375 812 2408 se
823 2356 995 2407 continentur'
1007 2374 1014 2419 ;
1030 2360 1055 2407 in
1068 2359 1137 2407 Verr.
1149 2359 1176 2408 ii.
1187 2373 1212 2421 4.
1223 2373 1263 2421 41.

163 2422 545 2488 p.8;Volkmann,Rhet.p.5aa
554 2424 738 2481 3Weissenborn
821 2437 859 2472 10.
876 2425 937 2471 vis.
950 2427 1097 2474 ..rationis
1106 2427 1175 2484 eius,
1188 2425 1242 2473 ‘the
1250 2440 1325 2488 range
1336 2424 1365 2474 os

163 2504 197 2537 on
206 2489 269 2551 Livy
281 2489 356 2552 praef.
370 2489 395 2547 i.;
408 2488 488 2536 Ritter
499 2505 532 2536 on
542 2489 602 2538 Tac.
613 2491 677 2538 Ann.
688 2490 703 2536 i.
716 2503 737 2537 1.
785 2489 838 2538 that
845 2486 997 2551 theory,’i.e.
1004 2489 1046 2538 the
1052 2489 1129 2553 grand
1137 2488 1326 2552 generalisation
1336 2490 1365 2538 of

196 2557 311 2612 vidisse,
320 2553 421 2602 ostenso
430 2553 489 2602 used
498 2554 536 2602 for
546 2553 711 2618 ‘intellegisse
718 2551 737 2603 τ’
784 2553 934 2616 theuuityos
939 2554 974 2602 all
983 2554 1073 2618 things,
1083 2553 1147 2602 from
1155 2554 1235 2602 which
1242 2555 1283 2603 the
1290 2556 1361 2619 unity

163 2635 202 2684 ep.
215 2619 246 2668 de
264 2619 330 2683 Imp.
345 2618 432 2682 Pomp.
451 2632 489 2666 22.
504 2618 537 2682 64
555 2619 625 2683 ‘plus
642 2628 695 2669 tum
712 2620 738 2668 in
785 2620 815 2667 21
823 2619 915 2667 studies
926 2619 948 2667 is
959 2635 974 2667 a
986 2619 1109 2683 corollary
1122 2619 1156 2683 [J.
1167 2618 1191 2668 S.
1202 2619 1254 2682 R.].

163 2701 213 2748 rep.
231 2682 376 2732 vidisse'=‘
387 2691 414 2732 to
431 2683 493 2732 have
510 2685 596 2733 shown
615 2701 684 2734 more
701 2685 738 2733 in·
820 2698 859 2732 12.
876 2698 1073 2733 consensus...
1084 2690 1306 2742 concentusque:
1319 2701 1358 2748 cp.

163 2750 295 2813 telligeuce
307 2749 332 2797 in
343 2749 457 2812 political
469 2748 566 2798 affairs!
785 2750 817 2799 de
826 2749 915 2798 Diuii.
924 2763 961 2812 14.
969 2753 1067 2815 34‘que
1078 2766 1108 2799 ex
1117 2748 1286 2799 coniunctione
1292 2758 1361 2799 natu·

199 2831 221 2865 2.
231 2830 319 2863 unum
326 2829 386 2863 esse
396 2831 401 2863 :
414 2830 427 2862 c
447 2815 526 2864 .Plat.
535 2814 569 2864 So

165 2813 739 2943 cimp'rtptv'mearaaivtcvoaanibellhdhbi
785 2822 1063 2940 bhithlighhswlcillrcgetil
1072 2823 1362 2944 {rppeesscpptseqsoqqqaipq

164 2962 193 2993 τε
203 2944 244 2992 nal
256 2945 292 2992 ἔτι
304 2943 409 3006 πρόσθεν
420 2945 558 3008 ἀρξάμενον,
567 2947 597 2994 ὡς
606 2945 659 2995 ἑνὸς
670 2944 740 2994 ὄντος
785 2944 934 3010 potest,'etc.
947 2946 985 2996 Ol
989 2962 1075 2996 course
1084 2947 1103 2995 it
1108 2947 1191 2994 would
1199 2947 1362 2995 beamistake

164 3010 213 3059 τῶν
230 3008 326 3057 πάντων
341 3010 496 3070 καλουμένων
511 3009 574 3058 οὕτω
591 3011 740 3074 διεξέρχεται
786 3018 813 3060 to
825 3027 900 3075 argue
911 3011 950 3060 scr
957 3012 1054 3061 theson
1062 3011 1250 3076 pronunciation
1260 3013 1290 3061 ol
1296 3012 1362 3059 thec

163 3077 215 3124 τοῖς
233 3074 320 3136 μύθοις.
356 3075 408 3125 Cic.
428 3077 506 3125 Acad.
526 3077 551 3125 ii.
573 3077 618 3125 118
640 3079 739 3126 ‘Xeno-
786 3077 849 3125 srom
860 3076 910 3126 this
921 3077 981 3141 play
989 3093 1056 3141 upon
1069 3077 1156 3136 words,
1166 3093 1214 3139 any
1222 3092 1291 3125 more
1302 3077 1362 3125 than

164 3142 259 3206 phanes
271 3156 347 3189 unum
365 3157 417 3190 esse
437 3143 528 3202 omnia,
545 3158 625 3207 neque
642 3143 669 3191 id
687 3157 739 3192 esse
786 3143 850 3191 from
859 3143 930 3190 Sosia
939 3143 988 3190 and
999 3142 1293 3206 sociusinPlaut.Amph.
1305 3144 1361 3204 384.

164 3206 285 3256 mutabile
296 3214 321 3255 et
332 3207 358 3254 id
370 3223 421 3255 esse
434 3208 533 3256 Deum!
821 3221 858 3268 13.
867 3209 1017 3268 suspicere,
1027 3208 1104 3256 ‘raise
1111 3223 1156 3256 our
1164 3223 1221 3270 eyes
1228 3214 1255 3255 to
1262 3206 1281 3257 :’
1291 3206 1361 3255 Lael.

197 3275 382 3322 consensione
394 3273 454 3320 does
469 3280 514 3321 not
528 3272 675 3336 apparently
686 3287 740 3322 cor·
786 3288 810 3338 9.
821 3285 850 3332 3²
865 3271 942 3320 ‘nihil
953 3273 1018 3320 enim
1029 3272 1114 3332 altum,
1126 3272 1190 3320 nihil
1204 3272 1362 3359 magnifieum

164 3337 271 3400 respond
286 3345 313 3385 to
327 3353 375 3400 any
386 3337 571 3401 philosophical
584 3344 646 3387 term
658 3337 687 3387 ol
698 3336 740 3387 the
787 3353 816 3387 ac
827 3338 938 3385 divinum
951 3336 1072 3401 suspicere
1084 3344 1186 3400 possunt
1197 3337 1248 3401 qui,
1265 3345 1312 3386 etc.

164 3402 280 3462 Eleatics,
293 3404 430 3466 answering
439 3410 466 3451 to
479 3403 520 3451 the
531 3402 633 3465 φιλότης
644 3404 673 3452 oi
681 3403 740 3451 Em·
821 3415 859 3465 14.
877 3405 1048 3460 profitemur,
1062 3402 1079 3450 i.
1092 3415 1145 3462 103.

164 3467 294 3533 pedocles;
312 3468 400 3517 Cicero
411 3469 432 3516 is
443 3468 571 3517 doubtless
586 3468 704 3532 thinking
714 3467 744 3516 of
822 3466 859 3516 16.
867 3471 1000 3515 hesterno
1009 3471 1065 3526 die,
1074 3467 1146 3529 e.g.i.
1153 3480 1183 3529 55
1191 3467 1217 3516 ff.
1229 3466 1362 3516 TheMSS.

164 3532 207 3582 the
222 3531 356 3591 συμπάθεια
371 3534 399 3581 21
412 3533 454 3582 the
471 3533 565 3582 Stoics:
583 3550 621 3597 cp.
634 3533 664 3582 de
680 3533 739 3581 Nat.
789 3531 837 3596 (M
844 3533 919 3597 being
934 3532 990 3581 here
1008 3530 1129 3591 deficient,
1142 3539 1230 3595 except
1246 3533 1307 3595 Lag.
1321 3545 1361 3591 32,

164 3599 241 3648 Deor.
259 3599 285 3646 ii.
299 3612 338 3660 19,
354 3599 388 3648 iii.
404 3598 433 3645 28
450 3598 512 3646 with
530 3597 640 3662 Mayor's
660 3607 739 3647 notes.
786 3599 828 3647 the
839 3599 942 3662 reading
952 3598 981 3646 of
989 3597 1071 3647 which
1083 3597 1104 3645 is
1116 3596 1242 3660 doubtful)
1256 3596 1291 3644 all
1302 3597 1362 3645 with

164 3662 314 3712 These'cond
322 3677 380 3711 una
387 3664 409 3711 is
415 3664 519 3712 omitted
527 3665 663 3727 bythebest
668 3663 740 3712 MSS.
787 3679 834 3712 one
845 3665 973 3726 exception
981 3662 1165 3726 givehestcma,
1175 3662 1257 3711 which
1266 3662 1315 3709 Ell.
1326 3677 1362 3710 re·

196 3744 221 3791 4.
233 3744 289 3786 quo
300 3733 335 3790 si,
347 3735 404 3788 ete„
416 3731 423 3754 ‘
433 3729 513 3778 which
523 3729 565 3778 the
574 3737 623 3778 rest
634 3745 680 3779 can
692 3729 740 3777 dis·
787 3730 857 3778 tains.
892 3730 941 3777 But
952 3729 976 3776 iu
990 3732 1003 3787 §
1016 3730 1046 3791 85
1059 3728 1093 3776 all
1105 3743 1171 3777 seem
1186 3734 1213 3776 to
1225 3728 1281 3790 give
1294 3727 1363 3774 ‘hes-

164 3809 239 3859 pense
250 3793 319 3853 with,
332 3794 437 3843 without
448 3792 601 3857 losing,'etc.
786 3795 849 3842 terni
868 3802 892 3842 et
914 3794 1025 3848 hodierni
1042 3792 1107 3852 diei,'
1122 3794 1172 3841 and
1191 3793 1215 3840 in
1234 3793 1260 3841 ii.
1278 3793 1309 3852 83
1327 3791 1362 3838 all

198 3858 221 3907 6.
238 3863 320 3918 ratio,
335 3857 430 3909 ‘viera'
788 3857 982 3923 (includingM)
998 3859 1060 3907 have
1079 3858 1209 3907 ‘hesterno
1216 3855 1272 3906 die,’
1307 3857 1362 3904 The

199 3925 221 3973 8.
240 3928 355 3974 Ostule:
369 3923 398 3973 C.
408 3924 429 3973 is
441 3922 593 3988 throughout
604 3923 647 3975 the
655 3940 740 3988 recog·
787 3940 862 3972 masc.
875 3925 895 3972 is
907 3925 945 3972 far
955 3939 1023 3972 more
1034 3921 1104 3972 usual
1117 3921 1167 3986 (cp.
1176 3923 1259 3985 Roby,
1269 3926 1282 3980 6
1292 3920 1360 3983 337),

163 3989 234 4038 nised
250 3989 381 4038 masterof
394 3987 477 4038 Greek
493 3989 611 4053 learning.
646 3990 740 4039 introd.
788 3990 836 4038 and
846 3987 888 4037 the
900 3990 954 4038 MS.
964 3988 1079 4038 evidence
1089 3989 1161 4036 isnot
1169 3996 1255 4051 strong
1263 3987 1362 4049 enough

164 4070 190 4120 p.
205 4068 243 4117 25,
256 4055 324 4103 Brut.
340 4067 379 4117 35.
394 4067 447 4117 252.
787 4054 1037 4117 tojustisyusherein
1046 4053 1246 4117 departiuglrom
1254 4049 1363 4102 Cicero's

198 4135 309 4169 omnem
321 4122 490 4169 doctrinam:
503 4121 619 4186 Epinom.
631 4135 656 4184 p.
667 4132 739 4184 open
788 4135 872 4182 usage.
907 4120 937 4167 In
954 4118 1014 4167 Sall.
1032 4119 1089 4182 Jug.
1104 4116 1144 4166 68.
1159 4131 1171 4165 2
1188 4119 1214 4166 P
1227 4118 1272 4167 has
1290 4119 1363 4180 ‘pos-

165 4184 251 4245 δεσμὸς
265 4184 314 4246 γὰρ
320 4183 427 4247 πεφυκὼς
435 4182 531 4233 πάντων
541 4183 635 4233 τούτων
643 4183 676 4233 eir
686 4185 741 4232 dwa-
787 4192 840 4233 tera
851 4182 908 4243 die,'
921 4185 964 4233 but
975 4183 1068 4248 Jordan
1079 4183 1139 4232 does
1154 4191 1198 4232 not
1209 4189 1293 4245 accept
1304 4182 1361 4241 this,

164 4249 299 4312 φανήσεται
312 4248 492 4310 διανοουμένοις.
521 4251 568 4316 Cp.
577 4268 600 4315 p.
608 4251 683 4300 Arch.
696 4263 739 4297 2.2
788 4249 883 4313 though
892 4249 962 4298 Kritz
971 4250 1048 4312 prints
1056 4249 1083 4297 it.
1096 4247 1363 4297 Thereissomevaria·

167 4316 272 4364 ‘etenim
287 4331 373 4365 omnes
388 4323 461 4376 artes,
476 4331 538 4379 qnae
555 4317 587 4364 ad
604 4315 741 4365 humanita·
788 4315 841 4362 tion
853 4316 878 4362 in
890 4315 931 4363 the
944 4313 1015 4362 MSS.
1028 4314 1053 4362 iu
1064 4314 1118 4363 Cie.
1127 4313 1183 4363 Cat.
1194 4314 1221 4362 ii.
1234 4312 1250 4360 6
1261 4312 1311 4362 and
1325 4325 1363 4361 12.

165 4387 217 4432 tem
228 4383 357 4445 pertinent,
370 4381 461 4431 habent
472 4382 597 4444 quoddam
610 4396 741 4429 commune
789 4380 837 4444 Cp.
849 4380 929 4440 Neue,
941 4380 956 4428 i.
969 4378 1025 4428 686.

164 4447 330 4507 vinculumet
337 4447 406 4512 quasi
414 4447 560 4510 cognatione
567 4445 743 4511 qnademinter
822 4448 930 4504 aliquot
941 4447 1020 4507 locis,
1033 4443 1060 4493 ii.
1072 4457 1112 4508 34.
1120 4443 1151 4509 67
1160 4450 1207 4494 ete.
1230 4443 1285 4492 The
1292 4447 1365 4492 stress
