3046 5040
205 400 271 466 134
508 408 512 417 ·
549 381 599 445 M.
626 381 768 442 10111
790 377 1046 443 ciceronis

140 569 192 616 aaa
206 573 389 634 congruens
416 573 487 615 esse
513 552 622 627 debet,
647 550 761 615 oculos
787 562 898 616 autem
926 559 1043 613 natura
1067 549 1171 628 nobis,
1196 559 1233 613 ut
1257 571 1346 632 equo
1374 559 1407 612 et

205 657 292 720 leoni
324 665 440 732 saetas
467 657 615 732 caudam,
639 656 735 728 auris,
762 656 803 718 ad
832 664 942 717 motus
972 655 1157 716 animorum
1188 652 1406 717 declarandos

206 760 307 838 dedit,
322 781 388 840 qua
403 779 438 822 re
453 760 485 820 in
501 760 564 822 hac
579 768 692 822 nostra
707 759 835 821 actione
850 757 1028 821 secundum
1045 777 1159 819 vocem
1174 756 1285 820 voltus
1300 757 1405 834 valet;

208 863 236 925 is
258 873 369 925 autem
393 861 497 925 oculis
519 863 727 943 gubernatur.
774 860 888 943 Atque
912 862 944 923 in
966 861 1012 924 eis
1036 861 1198 934 omnibus,
1220 881 1307 943 quae
1329 870 1407 923 sunt

209 967 357 1039 actionis,
381 965 465 1027 inest
488 966 653 1047 quaedam
675 965 725 1028 vis
752 985 772 1026 a
793 975 910 1027 natura
933 964 1032 1040 data;
1063 984 1129 1045 qua
1155 984 1190 1026 re
1217 965 1318 1027 etiam
1344 964 1407 1027 hac
1421 990 1434 1040 5

209 1069 360 1151 imperiti,
376 1067 437 1131 hac
452 1067 578 1150 volgus,
596 1068 658 1131 hac
673 1069 814 1150 denique
830 1068 960 1130 barbari
977 1068 1124 1130 maxime
1139 1076 1406 1131 commoventur:

208 1173 307 1235 verba
338 1172 424 1234 enim
454 1173 618 1233 neminem
651 1181 783 1234 movent
813 1172 874 1233 nisi
899 1190 985 1245 eum,
1013 1172 1069 1251 qui
1096 1171 1244 1234 eiusdem
1273 1170 1407 1252 linguae

204 1276 363 1339 societate
379 1276 571 1339 coniunctus
584 1285 643 1349 est,
656 1275 904 1355 sententiaeque
916 1294 1014 1355 saepe
1026 1283 1142 1337 acutae
1153 1294 1218 1336 non
1230 1283 1406 1338 acutorum

205 1378 379 1442 hominum
396 1398 509 1442 sensus
525 1377 782 1461 praetervolant:
804 1378 900 1452 actio,
912 1397 996 1459 quae
1011 1397 1090 1460 prae
1106 1398 1141 1440 se
1157 1387 1286 1440 motum
1302 1378 1406 1440 animi

205 1482 277 1557 sert,
300 1483 407 1544 omnis
432 1492 542 1544 movet
555 1505 563 1556 ;
594 1482 698 1544 isdem
721 1482 809 1543 enim
833 1483 980 1543 omnium
1004 1482 1104 1543 animi
1129 1481 1272 1545 motibus
1298 1481 1451 1544 conci-10

203 1594 317 1649 tantur
341 1594 374 1648 et
399 1605 455 1647 eos
480 1585 586 1647 isdem
611 1586 698 1647 notis
723 1595 757 1648 et
783 1585 816 1646 in
842 1585 916 1647 aliis
943 1595 1126 1666 agnoscunt
1153 1595 1187 1648 et
1218 1585 1250 1647 in
1282 1605 1317 1648 se
1344 1585 1407 1666 ipsi

135 1689 363 1779 goindicant.
409 1688 467 1750 Ad
495 1689 633 1751 actionis
662 1698 774 1751 autem
806 1708 900 1750 usum
930 1697 1030 1769 atque
1060 1687 1192 1750 laudem
1220 1689 1406 1752 maximam

136 1809 191 1855 224
204 1791 275 1854 sine
290 1792 391 1855 dubio
410 1800 538 1874 partem
555 1812 623 1854 vox
639 1791 784 1868 obtinet;
805 1811 890 1872 quae
906 1791 1048 1872 primum
1064 1801 1115 1855 est
1130 1793 1279 1872 optanda
1294 1791 1405 1868 nobis;

204 1896 335 1972 deinde,
351 1914 579 1977 quaecumque
601 1896 670 1967 erit,
694 1916 732 1958 ea
752 1895 897 1970 tuenda;
920 1895 1046 1977 dequo
1067 1894 1147 1957 illud
1169 1894 1234 1977 iam
1258 1894 1342 1957 nihil
1362 1896 1406 1959 ad

204 1999 268 2061 hoc
281 1998 500 2081 praecipiendi
516 2018 629 2081 genus,
641 2019 740 2080 quem
757 1999 799 2061 ad
817 1999 954 2060 modum
965 1998 1039 2060 voci
1051 1998 1227 2061 serviatur:
1250 1999 1405 2079 equidem
1421 2025 1448 2074 1⁵

205 2112 317 2164 tamen
343 2121 463 2182 magno
490 2121 590 2182 opere
616 2122 734 2165 censeo
760 2102 986 2176 serviendum3
1019 2103 1078 2164 sed
1103 2099 1180 2163 illud
1205 2102 1339 2164 videtur
1362 2103 1406 2165 ab

206 2205 302 2267 huius
323 2204 426 2267 nostri
447 2205 606 2267 sermonis
625 2203 734 2269 officio
757 2225 822 2267 non
842 2204 1026 2281 abhorrere,
1043 2204 1143 2287 quod,
1159 2214 1196 2267 ut
1216 2205 1286 2267 dixi
1303 2204 1406 2286 paulo

204 2316 290 2383 ante,
313 2306 461 2389 plurimis
487 2308 520 2370 in
547 2309 644 2371 rebus
671 2308 760 2389 quod
786 2308 933 2370 maxime
960 2317 1011 2370 est
1033 2308 1122 2385 utile,
1145 2307 1179 2371 id
1203 2309 1313 2371 nescio
1338 2330 1405 2390 quo

205 2423 303 2494 pacto
326 2412 426 2473 etiam
450 2412 545 2473 decet
570 2413 724 2474 maxime.
771 2410 861 2473 Nam
883 2411 927 2474 ad
947 2431 1063 2473 vocem
1087 2411 1301 2474 obtinendam
1325 2412 1405 2475 nihil

205 2525 255 2578 est
274 2513 384 2578 utilius
407 2535 507 2596 quam
526 2515 640 2579 crebra
659 2515 821 2592 mutati03
845 2514 923 2577 nihil
945 2513 1159 2595 perniciosius
1179 2534 1280 2596 quam
1302 2515 1405 2579 eflusa
1420 2541 1448 2576 ιο

138 2628 191 2674 225
205 2619 275 2681 sine
291 2618 533 2681 intermissione
551 2619 726 2681 contentio.
773 2617 873 2700 Quid,
888 2618 930 2680 ad
950 2619 1039 2680 auris
1060 2627 1190 2680 nostras
1210 2627 1243 2680 et
1265 2620 1404 2686 actionis

249 2828 272 2878 6.
291 2828 336 2876 bac
346 2829 431 2892 volgus
443 2845 492 2877 om.
504 2830 540 2878 M
547 2829 604 2878 incl.
618 2830 658 2879 Fr.
761 2844 797 2892 15·
815 2830 926 2894 equidem
938 2835 1022 2878 tamen
1039 2831 1074 2878 M
1082 2828 1126 2878 KS
1138 2829 1178 2878 Fr.
1189 2844 1195 2878 :
1212 2828 1325 2894 equr‘dm
1337 2830 1365 2877 P.

240 3033 261 3067 a.
279 3026 385 3067 saetas:
403 3035 431 3067 so
446 3022 507 3069 used
521 3021 549 3070 01
563 3037 578 3069 a
594 3021 647 3070 lion
664 3023 690 3069 in
703 3023 776 3086 Verg.
829 3024 896 3071 vocis
908 3024 1015 3071 maxime
1023 3024 1088 3087 parit
1096 3029 1190 3083 natura,
1199 3022 1312 3071 nonnihil
1321 3031 1404 3087 auget,

204 3087 267 3134 Aen.
280 3085 322 3133 vii.
335 3084 391 3138 666,
409 3085 438 3133 01
452 3102 467 3134 a
483 3087 554 3134 horse
571 3086 597 3134 in
614 3088 688 3136 Tusc.
699 3104 722 3137 v.
736 3087 776 3136 61.
829 3089 870 3136 sed
881 3090 988 3137 maxime
997 3097 1125 3137 conservat
1132 3103 1206 3136 cura:
1227 3088 1405 3137 firmitudinem

205 3151 259 3198 The
275 3150 317 3197 old
336 3150 438 3214 reading
455 3151 527 3199 iubas
546 3153 591 3200 has
608 3153 716 3216 scarcely
730 3169 778 3217 any
829 3155 897 3202 vocis
922 3155 1030 3202 maxime
1050 3161 1179 3217 comparat
1201 3168 1267 3209 cura,
1289 3154 1404 3202 nonnihil

204 3216 336 3277 authority,
348 3216 396 3263 and
409 3218 429 3264 is
441 3217 565 3280 evidently
576 3235 591 3266 a
602 3218 678 3280 gloss.

237 3296 259 3344 9.
277 3285 451 3339 praesefert,
463 3286 469 3308 ‘
479 3280 621 3345 expresses?
649 3284 730 3331 There
736 3299 777 3332 are

164 3353 166 3357 ’
204 3361 272 3394 some
281 3348 423 3411 interesting
434 3348 594 3396 illustrations
604 3347 632 3396 of
641 3349 682 3397 the
694 3364 777 3411 power

204 3412 233 3460 ol
247 3420 343 3474 gesture
360 3420 386 3460 to
406 3429 505 3476 express
523 3414 584 3462 both
603 3414 710 3477 thought
728 3413 777 3462 and

204 3478 313 3526 emotion
336 3479 360 3525 in
382 3477 490 3526 Farrar’s
513 3479 635 3542 Chapters
658 3494 691 3528 on
714 3479 777 3527 Lan·

203 3558 291 3606 guage,
300 3558 341 3605 pp.
353 3553 382 3605 73
391 3543 415 3591 ff.
425 3543 474 3606 (cp.
483 3543 521 3591 his
530 3544 564 3592 St.
575 3544 637 3592 Paul
645 3545 662 3593 i.
672 3542 715 3608 99)
728 3546 777 3592 and

202 3610 228 3656 in
240 3607 346 3656 Marsh's
358 3609 479 3668 Lectures,
488 3624 530 3673 pp.
541 3609 662 3671 486-488.

239 3686 276 3722 12.
288 3676 324 3720 ad
336 3677 455 3722 actionis
465 3690 549 3722 usum
560 3681 643 3731 utque
655 3678 775 3735 laudem,

204 3739 246 3786 ‘in
257 3738 421 3787 effectiveness
433 3739 480 3786 and
489 3755 585 3788 success
596 3741 621 3787 in
633 3739 755 3803 delivery’

239 3817 277 3864 13.
294 3808 424 3863 optanda,
435 3804 504 3853 Orat.
511 3807 598 3868 59,‘ac
607 3806 674 3853 vocis
682 3806 778 3854 bonitas

829 3219 945 3281 adauget,
959 3221 1002 3268 sed
1019 3220 1127 3266 maxime
1142 3225 1269 3267 conservat
1283 3220 1348 3267 ratio
1362 3219 1404 3266 de·

829 3283 986 3332 clamationis
996 3301 1002 3332 :
1020 3284 1202 3332 mollitudinem
1211 3284 1288 3342 vocis,
1298 3283 1347 3332 hoc
1358 3292 1404 3344 est,

829 3359 855 3398 ut
872 3365 926 3396 eam
950 3357 1061 3412 torquere
1083 3349 1233 3397 indicendo
1254 3364 1299 3412 pro
1319 3358 1405 3398 nostro

830 3414 961 3462 commodo
969 3416 1099 3478 possimus,
1108 3416 1216 3463 maxime
1224 3414 1299 3463 saciet
1311 3416 1404 3464 exerci-

828 3481 890 3528 tatio
901 3479 1088 3528 declamationis
1101 3481 1146 3540 (iii.
1157 3493 1195 3539 11,
1206 3480 1257 3544 ao).
1293 3479 1336 3528 He
1343 3496 1406 3544 goes

830 3561 862 3592 00
878 3555 904 3594 to
921 3545 976 3607 give
992 3547 1127 3594 directions
1144 3546 1182 3594 sor
1198 3544 1240 3594 the
1257 3546 1367 3608 practice
1379 3547 1409 3594 oi

829 3610 1004 3659 declamatiou.
1037 3611 1084 3674 Cp.
1105 3611 1121 3660 i.
1147 3625 1201 3672 251,
1223 3610 1308 3673 Quint.
1327 3611 1361 3659 xi.
1381 3625 1405 3672 3,

831 3688 919 3738 14-29,
932 3676 1030 3724 audior
1047 3679 1088 3724 the
1102 3677 1201 3724 various
1217 3675 1333 3740 qualities
1346 3676 1375 3724 01
1390 3692 1406 3725 a

828 3741 905 3800 voice,
919 3741 1044 3802 Causeret,
1059 3757 1082 3804 p.
1095 3755 1148 3788 101,

864 3818 901 3867 17.
919 3811 1004 3862 paulo
1016 3813 1097 3856 ante:
1120 3809 1133 3864 1
1150 3808 1203 3870 178.

203 3869 304 3933 quidem
314 3869 424 3933 optanda
431 3878 473 3929 est,
478 3885 529 3918 000
538 3878 575 3918 est
582 3871 647 3919 enim
656 3871 681 3918 in
689 3872 761 3919 nobis
771 3886 777 3928 ;

203 3935 246 3983 sed
272 3936 387 3983 tractatio
413 3940 486 3997 atque
508 3951 566 3984 usus
588 3936 614 3984 in
633 3934 721 3984 nobis.'
755 3936 778 3984 It

202 3999 286 4048 would
307 4003 336 4048 be
359 4000 461 4048 difficult
483 4008 509 4049 to
532 4017 604 4049 name
627 4017 658 4049 an
686 4009 777 4060 orator,

201 4065 289 4128 highly
309 4066 441 4114 successful
462 4066 522 4114 with
548 4067 617 4129 large
640 4067 776 4126 audiences,

201 4130 259 4179 who
271 4132 320 4180 had
331 4137 375 4178 not
386 4147 418 4178 an
429 4131 547 4180 excellent
559 4132 634 4180 voice.

238 4209 275 4257 15.
293 4200 358 4245 vooi
367 4200 588 4256 serviatur,‘care
599 4197 620 4245 is
628 4204 654 4245 to
664 4197 694 4246 be
703 4196 776 4246 taken

201 4261 230 4310 of
243 4261 286 4311 the
302 4262 387 4311 voice.’
422 4261 568 4311 Cornificius
588 4278 643 4325 says
662 4262 717 4311 that
735 4263 777 4310 the

202 4327 270 4376 three
277 4327 344 4376 chief
353 4327 468 4391 qualities
477 4329 506 4376 os
511 4343 527 4375 a
533 4328 603 4377 voice
614 4344 655 4376 are
663 4343 777 4390 compass

202 4391 382 4504 gmagm'tudoj,
393 4393 531 4441 endurance
546 4400 553 4447 (
556 4391 714 4456 firmitudo),
727 4392 776 4440 and

220 4457 334 4521 exibility
367 4458 530 4523 (mollitudoh
565 4458 776 4522 ‘magnitudinem

863 3873 902 3919 18.
918 3875 1016 3920 nescio
1048 3887 1104 3930 quo
1135 3878 1227 3933 paeto,
1263 3872 1406 3936 ‘strangely

829 3935 944 3999 enough’

864 4015 901 4065 19.
922 4004 1112 4060 obtinendam,
1125 4003 1278 4066 ‘preservez’
1298 4004 1343 4052 but
1362 4003 1406 4052 the

828 4067 880 4115 rule
900 4067 1043 4130 commonly
1063 4066 1115 4115 laid
1131 4067 1205 4116 down
1225 4067 1278 4117 that
1296 4069 1406 4117 obtinere

828 4148 901 4180 never
917 4132 961 4180 has
974 4132 1015 4180 the
1033 4133 1149 4195 meaning
1161 4133 1190 4182 01
1203 4148 1249 4181 our
1259 4134 1331 4182 word
1342 4137 1349 4160 ‘
1359 4135 1406 4182 ob·

828 4196 893 4245 tain’
919 4198 940 4246 is
963 4197 1093 4256 mistaken‚
1114 4198 1179 4246 Reid
1200 4214 1232 4246 on
1256 4214 1281 4262 p.
1299 4198 1362 4247 Sull.
1383 4212 1404 4248 1.

828 4263 876 4311 Yet
892 4263 917 4310 in
934 4263 1028 4311 several
1041 4262 1071 4311 01
1083 4262 1125 4312 the
1142 4263 1269 4326 examples
1286 4265 1361 4327 given
1380 4265 1406 4312 in

827 4328 856 4375 L.
869 4331 893 4376 &
904 4328 929 4376 S.
942 4328 979 4375 sor
990 4328 1041 4376 this
1055 4329 1179 4392 meaning,
1192 4326 1344 4378 ‘maintain'
1356 4329 1379 4378 is
1390 4345 1406 4378 a

827 4394 904 4443 better
913 4392 1065 4443 translation.

861 4472 899 4510 ao.
918 4461 1013 4516 effusa,
1025 4458 1199 4510 ‘unchecked’
