3046 5040
193 372 257 432 124
538 355 589 417 M.
617 354 760 416 TULLI
779 352 1034 417 CICERONIS

120 546 177 592 000
191 527 334 608 scriptio.
392 526 486 590 Haec
509 525 597 590 enim
620 534 698 589 sunt
720 523 786 589 fere
809 533 910 607 atque
932 523 1051 587 horum
1074 522 1194 587 similia
1215 521 1270 586 vel
1296 521 1392 607 plura

191 630 291 693 etiam
322 650 394 693 esse
426 639 573 713 possunt,
612 650 698 711 quae
727 629 897 692 sententiis
927 628 1109 691 orationem
1146 626 1393 710 verborumque

129 743 177 810 55
190 733 506 797 conformationibus
523 728 739 796 inluminent.’
784 731 899 813 ‘Quae
919 731 1053 812 quidem
1070 742 1113 806 te,
1129 730 1259 809 Crasse,
1274 730 1393 808 video,'

190 836 296 918 inquit
320 835 421 900 Cotta
442 838 549 919 ‘quod
573 847 653 900 nota
675 856 747 899 esse
769 836 863 897 nobis
885 844 989 916 putes,
1005 835 1077 898 sine
1092 833 1343 898 definitionibus
1360 845 1394 899 et

190 941 261 1003 sine
292 939 454 1022 exemplis
484 938 657 1003 effudisse!
702 939 796 1022 ‘Ego
825 937 920 1002 vero’
955 939 1061 1020 inquit
1088 937 1226 1002 Crassus
1254 943 1315 1001 ‘ne
1340 938 1420 1011 illas

190 1044 333 1125 quidem,
349 1063 435 1124 quae
457 1063 555 1125 supra
578 1043 662 1118 dixi,
678 1062 764 1106 nova
785 1041 880 1106 vobis
903 1062 975 1105 esse
993 1041 1185 1117 arbitrabar,
1200 1042 1259 1104 sed
1274 1041 1395 1105 uolun-

120 1164 176 1210 000
190 1147 252 1209 tati
268 1146 416 1210 omniurn
436 1146 539 1228 parui.
585 1147 648 1208 His
667 1156 778 1210 autern
801 1147 844 1209 de
864 1145 960 1209 rebus
980 1145 1030 1208 sol
1055 1166 1107 1208 me
1130 1144 1191 1208 ille
1206 1145 1393 1220 admonuit,

191 1261 228 1314 ut
255 1250 387 1313 brevior
413 1271 528 1324 essem,
552 1251 609 1332 qui
637 1250 707 1333 ipse
731 1251 796 1313 iam
823 1250 1043 1333 praecipitans
1068 1270 1122 1312 me
1147 1270 1280 1331 quoque
1312 1248 1396 1312 haec

191 1354 406 1437 praecipitem
430 1374 536 1435 paene
561 1354 712 1417 evolvere
741 1355 859 1436 coegit.
905 1351 973 1418 Sed
1000 1362 1113 1417 tamen
1136 1351 1233 1416 huius
1262 1353 1395 1436 generis

191 1458 434 1520 demonstratio
449 1466 501 1520 est
515 1465 549 1519 et
565 1457 715 1520 doctrina
731 1457 803 1540 ipsa
823 1457 986 1540 vulgaris;
1009 1476 1088 1519 usus
1107 1466 1219 1520 autern
1236 1456 1395 1538 gravissi·
1411 1479 1438 1514 ιο

124 1575 177 1620 010
191 1581 264 1623 mus
288 1571 320 1624 et
345 1562 379 1622 in
401 1561 464 1624 hoc
486 1571 559 1624 toto
583 1562 714 1624 dicendi
737 1562 847 1624 studio
868 1559 1089 1624 difficillimus.
1135 1559 1247 1642 Quam
1263 1559 1310 1623 ob
1326 1581 1395 1624 rem

191 1664 347 1746 quoniam
371 1664 413 1726 de
434 1674 552 1726 ornatu
577 1665 666 1726 omni
689 1665 846 1727 orationis
866 1663 1205 1741 0001001000,01000
1225 1663 1395 1746 patefacti,

191 1776 226 1830 at
248 1776 336 1830 certe
358 1769 610 1831 commonstrati
629 1767 702 1844 loci,
727 1787 812 1831 nunc
835 1769 914 1850 quid
938 1777 1053 1851 aptum
1076 1768 1130 1844 sit,
1151 1767 1214 1830 hoc
1235 1776 1295 1842 est,
1314 1767 1396 1849 quid

192 1872 339 1933 maxime
362 1871 478 1934 deceat
502 1871 535 1932 in
557 1872 706 1934 oratione
731 1871 911 1934 videamus.
957 1871 1168 1952 Quamquam
1195 1871 1229 1933 id
1257 1871 1396 1952 quidem

192 1974 398 2056 perspicuum
424 1982 483 2048 est,
508 1993 575 2036 non
597 1973 687 2036 omni
710 1994 827 2037 causae
848 1994 909 2037 nec
931 1975 1073 2037 auditori
1098 1993 1205 2055 neque
1232 1993 1396 2056 personae
1411 1994 1439 2044 15

128 2091 298 2158 nuncque
319 2076 461 2159 tempori
480 2097 659 2158 congruere
679 2077 837 2140 orationis
856 2097 958 2139 unum
976 2097 1101 2159 genus;
1125 2087 1255 2140 namet
1275 2097 1396 2141 causae

565 2232 587 2280 3.
606 2220 797 2270 illuminentur:
816 2221 969 2269 illuminant
980 2221 1012 2272 K

190 2354 212 2401 is
233 2353 291 2401 used
311 2353 348 2400 for
369 2349 496 2416 ‘period’z
525 2349 664 2414 περίφρασις
683 2367 762 2401 corre·
850 2366 887 2414 13.
905 2356 1118 2403 commonstrati
1129 2355 1203 2402 loci:
1220 2352 1245 2402 ii.
1261 2362 1316 2415 174

190 2419 284 2482 sponds
297 2417 322 2466 in
337 2417 377 2466 the
392 2418 483 2465 former
500 2432 577 2476 sense,
589 2416 723 2479 περιγραφή
738 2418 763 2464 10
850 2432 887 2481 14.
906 2422 1017 2468 docent:
1036 2420 1051 2466 i.
1066 2431 1128 2479 132:
1146 2419 1188 2466 Or.
1203 2431 1249 2478 1²3
1263 2419 1393 2481 ‘probabo

189 2485 231 2533 the
250 2484 323 2532 latter
342 2483 408 2543 (Pid.
432 2483 453 2530 is
475 2483 651 2545 misleading):
671 2483 764 2546 finitio
815 2485 1008 2547 primumcum,
1029 2486 1072 2548 qui
1094 2483 1153 2546 quid
1175 2483 1263 2532 deceat
1282 2483 1393 2532 videbit:

188 2551 213 2596 in
225 2549 362 2609 Quintilian
377 2548 403 2610 (l.
412 2551 444 2608 0)
457 2564 562 2596 answers
574 2555 601 2596 to
613 2548 655 2595 the
666 2547 764 2610 riprende

189 2615 219 2663 of
227 2615 336 2662 Rutilius
347 2613 440 2676 Lupus,
453 2613 478 2660 ii.
492 2626 514 2674 5,
527 2614 543 2660 i.
552 2629 574 2662 e.
588 2613 724 2662 definition.

224 2693 245 2727 1.
265 2682 312 2728 vel
333 2682 415 2735 01000
437 2682 523 2726 etiam
546 2693 605 2727 0000
628 2684 762 2735 possunt:

189 2747 258 2794 these
272 2744 354 2792 words
369 2759 431 2792 were
448 2743 571 2806 naturally
586 2743 715 2806 suspected
732 2745 765 2806 by

189 2810 267 2870 Bake,
279 2808 396 2857 followed
413 2809 445 2870 by
457 2809 553 2870 Kayser
564 2809 613 2857 and
628 2809 706 2858 Sorof.
742 2809 768 2856 If

189 2875 248 2937 they
259 2889 300 2922 are
312 2880 338 2921 to
350 2875 379 2921 be
390 2873 510 2922 defended
522 2881 547 2921 at
558 2874 601 2932 all,
614 2875 633 2922 it
647 2889 693 2922 can
705 2874 764 2936 only

190 2942 219 2988 be
235 2941 267 3002 by
279 2939 387 3000 deleting
403 2940 445 2986 the
462 2954 560 2986 comma
576 2939 639 2987 after
652 2943 764 2995 similia,

190 3004 239 3053 aud
250 3004 398 3066 translating
411 3003 473 3050 ‘and
485 3003 573 3050 indeed
585 3005 652 3051 there
665 3021 721 3066 may
735 3005 765 3052 be

189 3084 249 3118 even
261 3084 329 3116 more
341 3075 385 3116 too
397 3068 447 3116 like
458 3067 543 3117 these.'
578 3070 625 3116 But
636 3069 676 3118 the
683 3071 765 3118 words

189 3136 250 3182 look
262 3133 337 3182 much
349 3133 399 3182 like
411 3149 426 3181 a
437 3133 558 3196 marginal
570 3143 633 3183 note.

224 3204 253 3258 §5
266 3203 401 3251 208—227.
422 3200 536 3258 Crassus,
543 3198 768 3262 rrfterapologisr'ng

181 3265 230 3330 for
240 3264 280 3312 tlte
294 3264 405 3326 rupidity
416 3263 479 3311 witlr
491 3263 572 3312 sulziclr
582 3265 613 3312 lze
623 3265 669 3312 lias
677 3265 768 3327 passed

189 3346 248 3378 over
255 3328 406 3392 tlefigures,
412 3329 499 3392 points
509 3336 553 3377 eut
562 3330 603 3378 tle
615 3330 766 3392 importuna

189 3396 220 3459 of
225 3395 348 3458 adapling
356 3400 454 3456 eratory
460 3402 483 3442 to
492 3395 531 3442 llic
539 3395 676 3443 conditions
685 3395 767 3442 under

190 3460 272 3509 zulich
284 3460 306 3507 it
320 3461 342 3507 r's
356 3465 380 3507 to
395 3459 421 3506 be
436 3459 498 3506 used
511 3464 554 3518 (ξς
569 3464 701 3523 209-215),
714 3459 769 3507 and

187 3541 242 3589 goes
261 3541 293 3573 on
312 3531 335 3573 to
354 3532 419 3572 trent
435 3524 587 3587 ofdelivery
605 3525 693 3584 (actio)
710 3525 765 3572 lotlr

186 3591 316 3654 generally
339 3595 380 3650 1οξ
406 3588 529 3652 016-019)
553 3589 608 3636 and
626 3589 655 3637 in
677 3596 766 3653 respect

190 3655 332 3718 queslure
352 3659 394 3715 (ξς
417 3654 539 3715 azo-223)
560 3654 615 3702 and
633 3654 698 3702 voice
721 3662 763 3716 r55

192 3725 326 3783 224—227)‚
348 3719 479 3783 finishing
507 3719 571 3767 witlr
598 3736 615 3767 a
637 3719 765 3783 prophetic

190 3786 347 3850 cornplirnent
358 3793 382 3832 to
393 3785 552 3833 Hortensius.

222 3868 245 3912 4.
263 3857 360 3908 putes:
379 3851 486 3913 Roby,§
502 3847 563 3913 1746
577 3853 629 3907 or§
646 3848 717 3912 1776.

223 3932 247 3979 5.
263 3920 411 3965 effudisse:
428 3916 512 3979 i.159.

222 3982 245 4031 6.
263 3997 356 4042 00000,
369 3981 410 4029 ie.
423 3979 514 4041 before,
528 3985 540 4039 ξ
556 3995 609 4030 202.
680 4033 683 4037 .

224 4060 246 4111 7.
262 4052 313 4105 001,
327 4061 383 4094 now
392 4046 487 4109 setting,
498 4045 535 4094 for
543 4046 585 4095 the
594 4047 764 4095 conversation

189 4112 239 4161 had
251 4115 332 4177 begun
345 4111 479 4160 ‘inclinato
491 4112 541 4159 iam
553 4110 610 4174 die,'
625 4115 637 4171 ᾖ
650 4122 687 4174 17.
715 4112 765 4159 For

191 4177 234 4226 ille
245 4195 284 4242 cp.
297 4177 376 4226 Acad.
388 4177 413 4223 11.
426 4177 465 4226 81.

222 4245 245 4292 8.
263 4246 467 4301 praecipitans:
481 4242 557 4306 Verg.
567 4242 628 4290 Aen.
639 4242 665 4291 ii.
677 4241 764 4304 9‘iam

188 4320 239 4355 nox
250 4308 336 4356 umida
348 4308 418 4356 caelo
430 4308 593 4371 praecipitat,'
606 4309 686 4357 where
704 4307 764 4354 For·

188 4368 259 4434 biger
269 4375 339 4437 gives
351 4388 424 4434 many
434 4372 483 4421 reff.
493 4375 532 4420 for
540 4373 582 4421 the
593 4381 677 4422 neuter
684 4387 726 4419 use
739 4371 768 4418 of

187 4434 231 4486 the
243 4440 315 4488 verb:
333 4438 383 4488 add
395 4438 473 4487 Acad.
487 4438 512 4486 ii.
522 4436 562 4501 68,
574 4438 622 4487 and
632 4455 672 4504 cp.
685 4443 696 4498 ᾗ
709 4435 764 4486 186.

815 2551 875 2597 11000
895 2549 960 2598 enirn
981 2549 1103 2612 sapientia
1122 2549 1230 2597 maxime
1251 2549 1393 2597 adhibenda

815 2614 946 2678 eloquendi
963 2623 1006 2673 est,
1025 2622 1051 2663 ut
1069 2616 1101 2662 sit
1117 2622 1259 2677 temporum
1277 2630 1392 2678 persona·

815 2694 916 2742 rumque
928 2680 1083 2738 moderator;
1105 2695 1164 2727 narn
1179 2695 1224 2728 nec
1237 2695 1336 2742 semper
1347 2696 1392 2729 nec

815 2745 883 2808 apud
903 2746 984 2793 omnis
1006 2761 1051 2794 nec
1070 2752 1155 2792 contra
1175 2743 1256 2792 omnis
1278 2760 1325 2793 nec
1348 2760 1393 2808 pro

816 2811 931 2858 omnibus
950 2826 995 2858 nec
1015 2811 1130 2857 omnibus
1149 2809 1238 2858 eodem
1259 2810 1337 2858 modo
1356 2810 1393 2858 di·

816 2876 920 2925 cendum
937 2874 1057 2924 arbitror?
1091 2875 1139 2937 Cp.
1153 2880 1165 2932 5
1178 2885 1210 2937 70
1225 2878 1266 2924 ‘ut
1283 2875 1350 2923 enim
1367 2876 1392 2923 in

815 2942 873 2998 vita,
892 2941 928 2988 sic
948 2940 973 2988 in
994 2941 1106 2989 oratione
1124 2939 1187 2987 nihil
1209 2947 1247 2988 cst
1266 2940 1393 2989 difficilius

816 3021 892 3069 quarn
915 3005 974 3068 quid
997 3006 1082 3054 deceat
1104 3004 1194 3054 videre.
1235 3003 1326 3066 πρέπον
1349 3021 1392 3070 ap·

816 3070 910 3134 pellant
929 3071 977 3118 hoc
998 3071 1102 3129 Graeci;
1129 3086 1175 3118 nos
1198 3070 1313 3119 dicamus
1334 3086 1394 3120 saue

816 3137 932 3184 decorum
943 3171 948 3182 .
960 3172 966 3183 .
976 3174 982 3185 .
992 3144 1029 3185 est
1040 3144 1122 3184 autem
1131 3134 1191 3198 quid
1202 3135 1289 3185 deceat
1301 3136 1393 3184 oratori

816 3201 948 3249 videndum
970 3217 1019 3248 non
1042 3201 1067 3248 in
1090 3201 1215 3250 sententiis
1238 3201 1329 3261 solnm,
1351 3202 1393 3250 sed

816 3266 890 3314 etiarn
902 3267 927 3313 10
939 3266 1035 3323 verbis;
1052 3282 1102 3313 non
1115 3266 1181 3314 enim
1192 3267 1274 3315 omnis
1286 3267 1392 3327 fortuna,

816 3347 865 3379 non
883 3331 963 3379 omnis
980 3331 1066 3386 honos,
1083 3347 1132 3378 000
1151 3331 1233 3378 010010
1251 3331 1393 3391 auctoritas,

816 3412 865 3444 non
876 3398 956 3444 omnis
965 3403 1041 3455 aetas,
1048 3412 1093 3445 nec
1100 3411 1158 3444 vero
1166 3396 1237 3445 locus
1245 3404 1287 3445 aut
1295 3405 1394 3461 tempus

816 3468 859 3509 aut
878 3461 975 3508 auditor
992 3462 1073 3509 omnis
1093 3462 1181 3510 eodem
1201 3469 1244 3509 aut
1262 3463 1393 3511 verborum

816 3542 904 3590 genere
923 3527 1064 3575 tractandus
1086 3535 1123 3574 est
1145 3534 1188 3574 aut
1209 3528 1392 3586 sententiarum,

816 3606 959 3654 semperque
971 3591 996 3639 in
1008 3591 1076 3638 omni
1088 3599 1158 3655 parte
1167 3593 1285 3641 orationis
1294 3601 1322 3641 ut
1329 3594 1394 3641 vitae

817 3657 875 3719 quid
888 3656 972 3705 deceat
983 3664 1020 3705 est
1030 3655 1252 3706 considerandum.’
1286 3657 1334 3706 See
1346 3658 1393 3705 fur·

816 3722 870 3770 ther
891 3721 934 3770 the
956 3729 1048 3770 extract
1068 3721 1132 3770 from
1152 3723 1257 3783 Dionys.
1279 3721 1342 3771 Hal.
1363 3723 1394 3770 de

817 3787 892 3850 Lysia
903 3802 926 3849 9,
939 3786 1031 3849 quoted
1043 3787 1076 3850 by
1088 3787 1134 3834 Dr.
1147 3786 1244 3850 Sandys
1255 3788 1287 3836 ad
1300 3788 1349 3837 100.

852 3850 889 3900 16.
906 3866 1059 3909 congruere
1071 3853 1092 3900 is
1104 3852 1170 3901 often
1182 3853 1243 3900 used
1259 3853 1292 3916 by
1305 3853 1394 3903 Cicero

816 3917 841 3965 10
852 3917 890 3965 1110
902 3917 1031 3981 dialcgues
1042 3918 1096 3981 (not
1107 3918 1132 3965 in
1144 3918 1182 3966 his
1193 3917 1322 3982 speeches)
1333 3919 1393 3967 with

815 3983 866 4030 dat.
880 3997 907 4030 as
918 3982 975 4030 well
988 3999 1015 4030 as
1026 3981 1086 4030 with
1097 3998 1162 4030 cnm.

849 4062 948 4095 000000
976 4051 1091 4104 eapitis:
1122 4063 1160 4096 we
1188 4064 1248 4111 may
1275 4048 1393 4098 translate

816 4112 968 4175 ‘important
991 4112 1103 4161 criminal
1126 4110 1211 4162 cases’
1246 4113 1346 4162 Beware
1368 4115 1399 4162 os

816 4177 946 4240 rendering
960 4177 1066 4242 ‘capital
1082 4179 1183 4234 causes’
1196 4177 1279 4226 which
1295 4179 1318 4228 is
1334 4180 1393 4228 mis·

816 4242 916 4305 leading
935 4245 960 4290 in
981 4243 1091 4305 English.
1128 4243 1176 4306 Cp.
1194 4244 1223 4291 L.
1242 4247 1266 4292 &
1286 4243 1311 4293 S.
1332 4261 1352 4294 s.
1369 4260 1394 4293 v.

815 4313 889 4370 caput
900 4307 934 4355 iii.
944 4307 973 4367 b;
989 4307 1005 4354 i.
1017 4309 1061 4354 181
1074 4307 1161 4371 (note),
1177 4321 1231 4370 251,
1246 4310 1276 4357 of
1283 4309 1327 4359 the
1338 4325 1395 4358 case

816 4373 844 4420 of
852 4372 969 4432 Rutilius,
977 4374 1062 4421 whose
1072 4374 1264 4423 condemnation
1277 4374 1394 4424 involved

815 4437 854 4486 his
865 4437 938 4500 exile,
948 4445 993 4487 not
1003 4438 1043 4487 his
1053 4437 1137 4488 death.
