3046 5040
515 299 519 306 ·
559 351 627 414 DE
650 351 738 412 ORA
747 350 871 412 TORE
889 352 960 416 III.
1319 356 1360 434 67

161 530 262 603 atque
277 521 376 586 etia'm
397 529 456 587 aut
476 523 656 589 inridentes
677 532 850 602 oratorem,
872 532 908 586 ut
929 524 984 588 ille
1005 525 1038 587 in
1055 523 1179 606 Gorgia
1198 524 1361 601 Socrates,

162 625 354 690 cavillantur
369 635 426 690 aut
441 625 566 708 aliquid
583 627 626 690 de
640 627 781 692 oratoris
796 636 866 691 arte
887 628 1002 711 paucis
1017 628 1224 711 praecipiunt
1243 628 1361 693 libellis

162 749 285 810 eosque
299 729 480 795 rhetoricos
496 729 685 806 inscribunt,
696 732 790 813 quasi
806 752 873 793 nou
890 731 946 795 illa
958 733 1024 796 sint
1036 733 1169 815 propria
1181 732 1361 812 rhetorum,

161 853 247 915 quae
261 833 305 896 ab
321 834 445 898 eisdem
462 835 505 898 de
526 834 660 912 iustitia,
678 836 721 897 de
743 833 863 913 officio,
883 837 926 900 de
947 836 1137 900 civitatibus
1153 837 1361 901 instituendis

132 961 147 1007 5
162 946 195 999 et
210 937 374 1018 regendis,
391 937 433 1000 de
448 938 539 1000 omni
553 938 684 1002 vivendi
708 934 866 1023 [denique
882 941 982 1002 etiam
998 939 1040 1005 de
1061 934 1215 1026 naturae]
1233 941 1361 1004 ratione

161 1040 325 1105 dicuntur.
366 1041 462 1124 Quae
479 1042 636 1123 quoniam
660 1042 726 1106 iam
751 1042 884 1106 aliunde
909 1063 976 1105 non
998 1063 1182 1124 possumus,
1200 1044 1361 1108 sumenda
1374 1059 1425 1105 123

161 1153 239 1207 sunt
255 1145 350 1208 nobis
366 1145 409 1207 ab
424 1145 470 1207 eis
485 1145 573 1228 ipsis,
592 1166 612 1208 a
632 1147 752 1228 quibus
772 1146 911 1228 expilati
929 1167 1064 1222 sumus;
1087 1147 1168 1210 dum
1188 1149 1290 1211 modo
1306 1146 1362 1210 illa

116 1255 139 1311 ss
162 1249 205 1311 ad
232 1247 318 1312 hanc
344 1247 474 1312 civilem
500 1249 680 1327 scientiam,
704 1269 772 1331 quo
796 1250 964 1332 pertinent
994 1259 1028 1313 et
1058 1271 1159 1331 quam
1186 1250 1361 1327 intuentur,

163 1350 405 1427 transferamus,
422 1372 538 1434 neque,
553 1362 591 1416 ut
611 1361 690 1416 ante
710 1353 794 1430 dixi,
809 1374 943 1417 omnem
959 1362 1103 1418 teramus
1119 1355 1153 1417 in
1168 1353 1219 1418 his
1235 1356 1361 1418 discen·

118 1458 213 1520 10dis
238 1456 336 1520 rebus
361 1464 526 1532 aetatem;
556 1457 614 1520 sed
644 1476 720 1519 cum
751 1455 851 1520 fontis
880 1458 1068 1535 viderimus,
1097 1479 1181 1541 quos
1211 1459 1273 1522 nisi
1304 1459 1361 1539 qui

163 1559 311 1625 celeriter
334 1559 494 1641 cognorit,
517 1580 699 1642 numquam
721 1571 898 1642 cognoscet
921 1563 1066 1641 omnino,
1088 1574 1171 1641 tum,
1193 1563 1360 1646 quotiens-

161 1684 305 1745 cumque
319 1683 404 1745 opus
420 1664 488 1740 erit,
503 1685 547 1728 ex
568 1664 615 1726 eis
636 1673 776 1742 tantum,
792 1677 953 1746 quantum
973 1686 1023 1730 res
1038 1676 1139 1748 petet,
1154 1666 1361 1743 hauriemus;

162 1789 240 1832 nam
263 1787 370 1850 neque
392 1775 461 1830 tam
484 1776 535 1831 est
557 1767 640 1832 acris
658 1768 745 1832 acies
768 1768 801 1833 in
824 1770 949 1833 naturis
971 1769 1143 1834 hominum
1162 1779 1196 1834 et
1211 1771 1361 1851 ingeniis,
1374 1790 1427 1836 124

161 1881 201 1935 ut
216 1892 267 1936 res
280 1880 391 1935 tantas
405 1872 581 1954 quisquam
597 1871 660 1935 nisi
677 1882 876 1937 monstratas
892 1873 997 1956 possit
1011 1874 1132 1952 videre,
1144 1893 1252 1956 neque
1262 1884 1362 1938 tanta

117 1990 148 2039 15
163 1986 275 2040 tamen
299 1976 332 2039 in
355 1974 452 2039 rebus
474 1975 665 2054 obscuritas,
688 1986 725 2040 ut
748 1996 804 2039 eas
827 1997 894 2040 non
917 1978 1049 2059 penitus
1071 1978 1138 2042 acri
1160 1978 1209 2041 vir
1230 1978 1361 2060 ingenio

164 2088 286 2155 cernat,
300 2079 328 2142 si
344 2079 447 2142 modo
462 2080 640 2160 aspexerit.
688 2079 727 2140 In
743 2078 807 2141 hoc
823 2079 922 2161 igitur
937 2089 1032 2144 tanto
1048 2089 1117 2143 tam
1133 2081 1361 2162 immensoque

164 2203 284 2266 campo
300 2202 375 2247 curn
395 2181 492 2246 liceat
516 2183 636 2247 oratori
656 2182 770 2265 vagari
791 2183 892 2247 libere
907 2193 1008 2266 atque
1023 2184 1223 2267 ubicumque
1241 2185 1361 2248 consti·

165 2287 251 2363 terit,
267 2286 446 2349 consistere
467 2286 500 2348 in
521 2307 590 2361 suo,
610 2285 706 2349 facile
726 2287 917 2368 suppeditat
937 2288 1044 2350 omnis
1066 2297 1245 2369 apparatus
1265 2308 1362 2352 orna·

165 2400 284 2471 tusque
299 2389 450 2466 dicendi3
472 2410 580 2452 rerum
600 2390 688 2452 enim
711 2390 808 2470 copia
825 2390 999 2454 verborum
1020 2391 1149 2474 copiam
1170 2391 1295 2474 gignit3
1318 2401 1360 2466 et,
1374 2409 1424 2456 12⁵

119 2515 152 2550 20
164 2494 192 2556 si
216 2503 266 2556 est
288 2493 442 2557 honestas
465 2493 498 2556 in
521 2491 619 2558 rebus
636 2494 725 2576 ipsis,
741 2494 783 2557 de
805 2493 925 2575 quibus
944 2493 1072 2572 dicitur,
1088 2495 1219 2557 exsistit
1236 2489 1294 2580 [ex
1310 2490 1360 2582 re]

165 2652 189 2701 5.
206 2637 312 2702 denique
322 2637 399 2686 etiam
410 2637 438 2686 de
451 2644 559 2687 naturae
571 2636 677 2686 Bakium
688 2644 786 2686 secutus
796 2637 853 2686 incl.
866 2637 899 2685 K.
1048 2647 1070 2701 7.
1088 2637 1220 2701 exspoliati
1229 2636 1277 2687 Μ’
1290 2639 1362 2703 (teste

601 2701 740 2765 Ellendtio)
752 2719 757 2752 :
776 2702 883 2767 expilati
892 2704 925 2752 Α.

200 2831 222 2868 1.
239 2820 271 2866 ln
284 2820 398 2877 Gorgia,
409 2818 426 2868 i.
439 2828 471 2881 47
485 2817 574 2882 (note).
789 2817 875 2883 public
891 2817 942 2877 lise,
959 2817 997 2865 sor
1011 2816 1094 2866 which
1110 2817 1167 2880 they
1177 2833 1219 2867 are
1235 2818 1314 2882 really
1324 2820 1362 2868 iu-

199 2896 222 2933 a.
239 2883 544 2945 cavillantur‚‘banter,’
556 2881 737 2949 ii.a18(note).
790 2883 889 2943 tended,
908 2883 958 2932 ancl
976 2881 1059 2931 which
1081 2882 1140 2947 they
1157 2884 1221 2933 have
1243 2885 1269 2932 in
1290 2885 1360 2936 view,

198 2963 221 3010 3.
238 2952 395 2998 rhetoricos
407 2949 738 3012 inscribunt,i.55,apas
788 2948 900 2998 Sch'utz’s
925 2947 1044 3013 proposal
1069 2955 1096 2997 to
1120 2949 1179 2997 read
1208 2950 1362 3000 ‘intuemur'

165 3030 224 3077 sage
237 3014 318 3063 which
329 3014 412 3065 shows
423 3014 477 3064 that
488 3015 577 3064 Cicero
589 3015 633 3063 has
644 3014 739 3077 mainly
788 3014 811 3062 is
833 3013 964 3078 plausible,
985 3013 1034 3062 and
1056 3015 1180 3078 naturally
1197 3030 1281 3065 occurs
1299 3024 1327 3065 to
1347 3031 1362 3064 a

165 3080 190 3128 in
199 3080 263 3128 view
272 3079 393 3129 Aristotle
404 3080 657 3144 andTheophrastus.
690 3080 737 3142 Cp.
789 3078 888 3128 reader:
910 3080 953 3128 but
966 3078 985 3127 it
1000 3078 1020 3128 is
1033 3087 1078 3128 not
1094 3095 1109 3128 a
1124 3080 1218 3129 violent
1232 3082 1363 3146 metaphor

165 3144 261 3194 Theon.
271 3143 403 3208 Progymn.
417 3146 465 3210 Ep.
477 3145 502 3193 ii.
512 3145 544 3209 69
554 3143 738 3208 παραδείγματα
789 3152 816 3193 to
836 3145 912 3207 speak
932 3143 961 3192 of
978 3143 1047 3193 these
1066 3145 1174 3194 abstract
1193 3146 1315 3196 doctrines
1334 3163 1362 3196 as

165 3209 191 3258 δὲ
203 3210 247 3270 τῆς
259 3209 310 3257 τῶν
329 3208 419 3259 θέσεων
438 3208 571 3272 γυμνασίας
584 3210 673 3265 λαβεῖν
685 3208 737 3257 ἔστι
789 3209 882 3273 having
900 3225 916 3259 a
933 3209 1021 3272 regard
1039 3217 1066 3258 to
1086 3208 1129 3259 the
1149 3212 1269 3273 practical
1288 3213 1362 3262 needs

165 3272 228 3337 παρὰ
249 3292 278 3324 τε
299 3273 483 3338 Ἀριστοτέλους
507 3274 547 3324 καὶ
573 3273 738 3338 Θεοφράστου.
789 3275 819 3323 os
832 3274 883 3324 life.

165 3339 248 3388 πολλὰ
268 3337 318 3403 γάρ
345 3341 413 3390 ἔστιν
435 3340 517 3390 αὐτῶν
539 3339 628 3397 βιβλία
647 3340 738 3389 θέσεων
822 3355 846 3405 9.
858 3345 932 3399 ante,
947 3344 960 3398 ξ
973 3337 1035 3388 86ff.

166 3404 354 3469 ἐπιγραφόμενα.
825 3418 863 3454 ro.
874 3407 973 3464 fontis,
985 3404 1001 3452 i.
1015 3418 1071 3466 203,
1083 3405 1109 3452 ii.
1124 3415 1178 3468 117,
1193 3415 1248 3469 174.

198 3488 222 3536 4.
234 3475 269 3521 ds
285 3474 404 3531 iustitia,
420 3473 535 3533 &c.,·i.e.
546 3472 612 3521 their
627 3472 739 3521 treatises
825 3484 863 3519 11.
876 3485 1030 3528 numquam
1040 3476 1198 3530 cognoscet,
1213 3476 1226 3530 ς
1241 3472 1280 3534 89.

166 3553 199 3586 on
222 3537 307 3598 ethics,
328 3553 361 3586 on
379 3537 487 3600 polines,
508 3537 559 3586 and
579 3554 612 3587 on
630 3537 737 3601 physics.
824 3538 862 3584 18.
885 3539 1062 3593 suppeditat:
1092 3536 1141 3584 this
1162 3544 1248 3586 neuter
1268 3552 1312 3586 use
1335 3539 1366 3586 oi

165 3603 271 3652 Crassus
283 3603 375 3668 (rather
389 3601 516 3666 absurdly)
530 3603 668 3667 complains
684 3602 739 3651 that
788 3602 831 3650 the
847 3601 924 3660 word,
937 3600 1032 3664 though
1050 3600 1097 3650 less
1111 3617 1226 3650 common
1242 3601 1302 3651 than
1320 3603 1362 3653 the

166 3667 234 3717 these
250 3668 304 3717 also
320 3667 411 3716 should
424 3669 487 3718 have
504 3668 566 3717 been
583 3668 699 3717 included
713 3668 738 3715 in
788 3667 914 3716 transitive
925 3667 996 3726 form,
1010 3667 1031 3714 is
1042 3673 1087 3715 not
1098 3682 1150 3715 rare
1165 3665 1190 3715 in
1202 3667 1304 3726 Cioer0;
1321 3684 1360 3733 cp.

165 3733 207 3783 the
218 3731 340 3796 ῥητορικά,
349 3733 478 3783 inasmuch
489 3749 516 3783 as
528 3749 543 3782 a
553 3733 700 3798 knowledge
712 3733 741 3782 of
789 3733 820 3780 de
832 3732 892 3783 Nat.
905 3733 938 3783 D.
948 3732 964 3780 i.
977 3745 1023 3795 109
1036 3732 1262 3781 ‘innumerabilitas
1273 3747 1361 3796 suppe-

166 3799 234 3848 these
243 3798 350 3860 subjects
359 3799 379 3847 is
387 3799 480 3848 needed
493 3799 531 3847 ior
542 3798 582 3848 the
594 3807 684 3848 orator.
708 3799 739 3847 In
788 3798 851 3846 ditat
868 3795 1023 3866 atomorum.¹
1057 3797 1188 3856 Wharton,
1202 3798 1359 3860 Etym.Lat.‚

166 3865 184 3912 i.
195 3862 227 3911 68
240 3863 342 3912 Crassus
353 3863 499 3927 reluctantly
509 3865 628 3913 concedes
640 3864 739 3928 physics
790 3863 850 3912 does
860 3870 904 3911 not
916 3870 1001 3927 accept
1012 3862 1054 3911 the
1065 3863 1151 3912 notion
1163 3863 1217 3912 that
1230 3862 1249 3911 it
1261 3879 1319 3926 may
1330 3865 1361 3913 be

166 3929 216 3978 and
227 3929 354 3978 dialectics
369 3936 396 3977 to
409 3929 450 3977 the
462 3928 643 3992 philosophers‚
656 3930 702 3978 but
712 3929 738 3976 in
788 3944 804 3976 a
820 3929 997 3991 frequentative
1013 3928 1077 3978 from
1095 3931 1214 3992 ‘suppeto
1221 3926 1244 3987 ;'
1261 3928 1305 3977 but
1318 3928 1361 3978 the

168 3994 237 4045 Orat
260 3993 290 4042 16
312 3994 401 4044 Cicero
423 4002 520 4058 repeats
544 3994 583 4042 his
605 3993 679 4043 claim
701 3994 740 4042 for
788 3993 901 4042 similarit
927 3994 952 4040 iu
961 3993 1077 4057 meaning
1089 3993 1110 4040 is
1119 3993 1221 4042 curious.
1246 3993 1359 4054 Corsseu,

166 4059 280 4124 physice:
299 4059 376 4123 ‘quid
392 4059 476 4109 dicam
494 4059 525 4108 de
544 4066 632 4108 natura
649 4075 738 4119 rerum,
789 4059 892 4122 Beitr.9
911 4095 917 4118 ‚
934 4058 987 4106 also
1004 4058 1088 4107 denies
1103 4058 1146 4108 the
1162 4058 1307 4119 connexion,
1323 4075 1361 4108 as·

166 4125 235 4174 cuius
251 4125 362 4189 cognitio
379 4140 497 4189 magnam
513 4125 631 4174 orationis
647 4140 738 4189 suppe-
788 4121 1361 4188 sumingaprimary‘suppedo,’like‘repedo‚’

167 4190 230 4239 ditat
241 4191 340 4254 copiam
348 4187 371 4240 l’
788 4188 869 4238 which
881 4189 902 4236 is
913 4188 1040 4253 probable.

201 4265 224 4317 7.
232 4260 300 4304 dum
311 4258 395 4305 modo
406 4258 459 4304 illa
470 4290 477 4302 .
490 4289 496 4302 .
509 4257 737 4314 monueramus,
821 4260 980 4313 apparatus,
993 4257 1006 4311 ς
1023 4268 1063 4318 92.

167 4321 210 4369 i.e.
221 4320 263 4369 the
278 4322 385 4370 abstract
400 4320 523 4369 doctrines
540 4321 569 4368 of
583 4320 668 4381 ethius,
682 4323 736 4378 &c.,
824 4333 860 4383 19.
877 4334 989 4368 rerum.
1005 4356 1030 4368 ..
1047 4323 1137 4379 copia,
1152 4318 1178 4369 ii.
1197 4318 1243 4384 146
1262 4319 1340 4385 (note)
1353 4336 1359 4370 ε

166 4384 326 4434 ifborrowed
337 4386 371 4449 by
381 4384 423 4434 the
435 4393 519 4434 orator
529 4386 592 4434 from
603 4386 644 4435 the
656 4385 738 4450 philo·
789 4401 828 4451 cp.
840 4401 879 4434 res
892 4385 965 4450 (sing.
974 4385 1025 4433 and
1035 4383 1111 4448 plur.)
1124 4385 1150 4434 in
1161 4385 1179 4433 i.
1191 4400 1229 4436 ao.

167 4451 277 4516 sophers,
288 4466 330 4500 are
347 4457 387 4514 yet
402 4458 429 4500 to
441 4451 471 4500 be
488 4451 596 4516 adopted
606 4453 645 4501 for
656 4467 698 4501 use
713 4451 738 4500 in
823 4464 861 4500 20.
874 4454 1017 4511 honestas,
1030 4449 1185 4501 ‘elevation'

741 4549 798 4599 Fa
