3046 5040
525 351 596 412 DE
615 350 702 413 ΘΚΑ
712 352 742 410 Τ
740 351 833 413 ORE
852 351 925 412 III.

1261 368 1319 417 121

124 521 241 585 hensio
265 530 299 584 et
323 519 522 584 exclamatio
546 531 579 585 et
604 523 792 586 imminutio
817 532 852 588 et
879 523 969 606 quod
997 522 1029 586 in
1055 522 1167 586 multis
1193 521 1322 586 casibus
1367 569 1368 573 ,

124 626 262 708 ponitur
276 635 310 688 et
325 625 416 705 quod
433 625 477 688 de
497 624 634 708 singulis
653 628 749 690 rebus
770 627 948 709 propositis
969 627 1105 690 ductum
1128 626 1263 690 refertur
1278 627 1320 689 ad

124 798 222 854 vocant,
241 793 365 842 contentio
385 792 521 857 (ἀντίθετον
534 794 634 858 dicitur)
647 812 696 844 non

123 874 175 907 uno
198 858 225 908 tit
247 859 330 917 modo,
353 875 412 907 nam
435 867 459 908 et
477 861 572 923 singula
593 861 697 924 singulis

124 930 289 988 opponuntur,
307 924 377 973 utin
397 941 436 984 eo,
456 925 617 988 quodmodo
636 927 697 987 dixi,

123 989 192 1039 Vicit
206 990 326 1053 pudorem
343 989 430 1049 libido,
446 992 560 1039 timorem
577 992 696 1040 audacia:

123 1062 147 1103 et
166 1055 224 1103 bina
244 1055 390 1104 binis—non
410 1056 487 1104 nostri
506 1057 606 1120 ingenii,
623 1057 696 1105 vestri

123 1120 210 1168 anxilii
219 1129 271 1175 est:
288 1128 312 1169 et
324 1120 458 1169 sententiae
466 1122 696 1170 sententiis-dom·

123 1185 202 1233 inetur
213 1186 238 1233 in
250 1186 411 1245 contionibus,
424 1187 502 1236 iaceat
514 1186 538 1234 in
551 1187 661 1236 indiciis.'

157 1253 334 1306 dissolutum.
347 1250 487 1311 ἀσίννδετον,
502 1254 571 1301 ‘cum
588 1253 697 1316 demptis

123 1317 337 1366 coniunctionibus
349 1316 467 1366 dissolute
484 1317 556 1381 plura
569 1316 695 1366 dicuntur‘

123 1381 203 1442 (Orat
215 1382 280 1444 135),
289 1381 431 1430 sometimes
439 1383 519 1430 called
530 1383 658 1431 dissolutio
669 1399 697 1431 or

122 1446 240 1496 διάλυσιω
253 1447 512 1508 Caesar's‘veni,vidi,
520 1447 697 1511 vici,'Julian's

122 1509 209 1572 ἔγνων,
220 1510 337 1574 ἀνέγνων,
355 1510 494 1574 ναπέγνωνι
511 1529 549 1576 cp.
564 1513 652 1576 Lysias
669 1515 695 1562 in

123 1576 246 1626 Eratosth.
258 1577 290 1626 ad
301 1577 342 1625 fin.
350 1576 469 1636 παύσομαι
480 1578 627 1640 κατηγορῶν,
638 1579 695 1641 ἀνη-

122 1640 694 1706 νόαπε,ἑωράνεστε,πεπο’νθοιτε,έχετε,δινάζετετ

122 1707 156 1756 ad
170 1707 230 1758 Her.
243 1709 275 1757 iv.
287 1722 317 1770 41
333 1709 491 1757 ‘dissolutum
502 1717 539 1758 est
555 1709 622 1773 quod
637 1725 694 1758 con-

123 1772 287 1822 iunctionibus
296 1775 424 1822 verbomm
433 1789 447 1823 e
455 1775 538 1823 medio
546 1775 650 1824 sublatis
659 1791 694 1823 se·

122 1838 215 1902 paratis
223 1838 450 1902 partibuseiiertur)
462 1840 693 1902 Ar.Rhet.iii.12,4.

156 1907 320 1954 declinatio:
332 1909 401 1953 ‘cum
412 1905 506 1970 aliquid
515 1912 696 1969 praetereuntes

122 1984 166 2018 cur
183 1969 208 2016 id
225 1970 352 2030 iaciamus,
368 1970 533 2031 ostendimus,'
548 1971 616 2019 Orat.
634 1984 694 2033 135³

122 2032 263 2097 repetiturus
276 2035 360 2098 (Rhet.
372 2036 404 2084 ad
417 2037 489 2085 Alex.
502 2046 542 2098 47,
554 2050 583 2098 3:
601 2037 695 2100 Aquila

123 2100 196 2148 Rom.
212 2101 254 2163 8):
279 2101 312 2148 ad
325 2100 384 2150 Her.
398 2101 430 2149 iv.
443 2112 472 2164 37
487 2101 636 2150 ‘occultatio
649 2110 694 2161 est,

122 2181 179 2215 cum
194 2165 299 2214 dicimus
313 2181 359 2214 nos
373 2167 503 2230 praeterire
515 2175 557 2216 aut
572 2168 694 2216 conscire

122 2238 165 2279 aut
173 2230 241 2280 nolle
249 2231 329 2280 dicere
339 2232 365 2279 id
374 2231 439 2296 quod
449 2248 513 2281 nunc
520 2233 627 2280 maxime
634 2232 694 2281 dici·

122 2311 184 2357 mus,
197 2297 245 2345 hoc
256 2297 424 2345 modo-nam
436 2297 467 2346 de
479 2298 583 2361 pueritia
594 2297 694 2362 quidem

123 2368 173 2420 tua,
202 2377 277 2425 quam
304 2370 330 2410 tu
358 2363 468 2410 omnium
493 2363 694 2426 intemperantiae

122 2427 246 2488 addixisti,
256 2427 369 2487 dicerem,
380 2429 400 2476 si
412 2428 460 2477 hoc
471 2434 569 2491 tempus
577 2429 694 2477 idoneum

121 2499 249 2555 putarem;
260 2508 325 2541 nunc
333 2493 447 2542 consulto
458 2494 584 2556 relinquo;
595 2501 619 2542 et
631 2494 693 2542 illud

121 2566 255 2621 praetereo,
276 2558 343 2622 qnod
363 2567 387 2607 te
406 2559 498 2607 tribuni
516 2559 635 2607 militares
657 2560 693 2606 in-

121 2624 272 2686 l'requentem
287 2624 452 2674 tradiderunt:
471 2624 560 2672 deinde
575 2624 641 2687 qnod
657 2625 693 2672 in-

121 2688 209 2736 iuriam
227 2689 381 2738 satisfecisti
400 2690 427 2736 L.
444 2689 563 2748 Labeoni,
581 2690 643 2737 nihil
661 2690 694 2737 ad

120 2753 184 2802 hanc
203 2770 255 2803 rem
275 2761 335 2818 puto
352 2755 479 2818 pertinere.
514 2756 612 2803 Homm
630 2754 693 2802 nihil

121 2819 197 2868 dico:
213 2827 319 2868 revertor
333 2820 365 2868 ad
380 2820 450 2878 illud,
462 2820 493 2868 de
510 2835 559 2884 quo
574 2819 693 2869 iudicium

120 2882 173 2933 est'
206 2885 253 2949 Cp.
278 2883 394 2947 Kayser’s
421 2892 479 2934 note
506 2886 581 2934 there.
618 2883 693 2934 Pid.'s

121 2948 270 3012 παρηγμένον
291 2951 366 2999 refers
388 2959 448 2999 toa
468 2951 561 3014 wholly
581 2951 693 2999 different

121 3015 181 3064 kind
199 3016 227 3065 oi
240 3015 372 3064 declinatio
385 3014 557 3080 (μετάκλισις),
569 3017 640 3064 when
651 3018 693 3065 the

121 3095 189 3130 same
205 3081 273 3129 word
289 3082 311 3130 is
322 3081 382 3130 used
393 3083 419 3130 in
431 3081 542 3131 different
555 3081 692 3141 inflexions,

121 3146 163 3195 the
184 3147 307 3195 derivatio
329 3146 359 3194 oi
377 3147 426 3210 Jul.
448 3147 530 3196 Rufin.
550 3153 562 3205 ξ
583 3161 630 3209 14:
652 3162 690 3210 cp.

121 3213 214 3261 Ernest.
223 3212 281 3260 Lex.
291 3212 366 3260 Tech.
375 3228 399 3276 p.
411 3226 463 3262 102.
483 3212 552 3260 ·This
561 3218 650 3261 cannot
661 3213 692 3262 be

120 3277 187 3327 what
196 3277 217 3325 is
226 3285 307 3326 meant
316 3277 342 3325 in
353 3279 394 3326 the
406 3277 499 3327 Orator
509 3294 516 3336 ;
533 3277 661 3326 otherwise
672 3279 692 3326 it

119 3342 204 3391 would
227 3343 258 3391 be
280 3358 348 3390 more
370 3343 467 3391 natural
486 3342 552 3401 here,
570 3358 599 3391 as
619 3343 692 3406 being

120 3424 188 3457 more
206 3408 322 3472 properly
340 3425 355 3456 a
375 3407 450 3471 figure
470 3408 499 3456 oi
513 3408 616 3471 speech;
640 3424 690 3471 eg.

121 3474 225 3537 ‘dignos
241 3473 317 3537 digna
333 3481 442 3534 manent,
458 3473 602 3537 plerumque
622 3475 693 3522 bonis

120 3540 184 3588 bene
195 3538 281 3587 vertit)
316 3539 328 3586 l
346 3538 379 3586 do
396 3547 440 3587 not
455 3539 529 3587 know
541 3541 608 3587 what
619 3540 695 3588 Sorof

119 3620 205 3654 means
216 3605 249 3667 by
260 3603 298 3652 his
309 3602 450 3665 παρημένον.

151 3672 345 3727 reprehensio:
359 3675 427 3717 ‘cum
439 3668 584 3732 corrigimus
595 3675 692 3717 nosmet

117 3734 187 3800 ipsos
209 3734 279 3798 quasi
301 3735 519 3798 reprehendentes,'
544 3735 612 3784 Orat.
638 3748 691 3795 135.

119 3802 167 3865 Cp.
180 3801 263 3863 Quint
273 3800 305 3848 ix
317 3815 340 3860 a,
352 3801 380 3847 18
395 3802 535 3848 ‘verborum
547 3815 645 3863 quoque
656 3801 693 3848 vis

118 3882 148 3915 ac
157 3865 295 3930 proprietas
301 3864 459 3914 confirmatur
505 3865 692 3929 reprehensione

118 3933 224 3986 -cives,
236 3931 308 3989 cives,
321 3930 428 3995 inquam,
441 3931 462 3978 si
476 3929 525 3979 hoc
539 3945 582 3979 eos
593 3930 693 3979 nomine

119 3997 241 4061 appellari
266 3996 302 4044 sas
324 3997 375 4046 est.'
416 3997 472 4044 The
495 3995 576 4044 Greek
598 3996 693 4044 writers

119 4062 182 4110 have
194 4063 290 4110 various
304 4076 389 4109 names
403 4061 442 4109 sor
457 4060 524 4110 this:
539 4060 656 4121 μετάνοια
666 4061 691 4108 in

119 4127 196 4175 Rutil.
209 4127 272 4190 Lup.
289 4127 304 4176 i.
320 4126 358 4186 16,
369 4126 426 4175 who
435 4135 521 4190 quotes
533 4143 548 4176 a
559 4127 654 4175 version
666 4127 696 4174 os

120 4193 194 4242 Dem.
210 4194 241 4241 de
259 4193 316 4242 Cor.
339 4195 351 4250 ξ
371 4204 417 4252 130
437 4190 481 4255 tot
499 4194 546 4254 γάρ
562 4207 629 4247 ποτε,
647 4190 690 4253 ὀψὲ

119 4257 202 4319 λέγω;
219 4256 277 4318 χθὲς
290 4255 335 4316 μὲν
348 4254 391 4306 οὖν
405 4255 444 4304 καὶ
461 4256 548 4319 πρώην,
563 4253 612 4317 ἅμα
623 4255 690 4318 Ἀθη-

119 4324 184 4370 ναῖσς
213 4322 252 4370 καί
279 4321 358 4384 ῥητωρ
384 4321 489 4384 γέγονεε
524 4319 689 4383 ἐπανόρθωσις,

119 4387 258 4450 ἐπιτίμησις·
279 4385 411 4449 ἀφορισμός
429 4395 474 4437 etc.
493 4387 586 4451 (Rufin.
607 4393 619 4446 ς
641 4389 690 4449 14).

119 4454 224 4516 Ernesti,
238 4454 297 4504 Lex.
309 4453 385 4504 Tech.
398 4453 454 4503 Lat.
465 4469 489 4517 p.
503 4466 558 4517 332,
571 4453 593 4502 is
604 4468 690 4517 wrong

748 794 773 844 in
794 796 881 859 saying
899 795 979 844 ‘hanc
999 795 1050 844 vim
1069 795 1159 844 habere
1176 795 1273 843 videtur
1294 803 1321 843 ut

747 861 802 924 quis
819 863 920 909 verbum
936 861 1018 925 inepte
1034 862 1067 909 ab
1083 861 1162 910 altero
1176 868 1322 925 usurpatum

747 925 925 989 reprehendat,’
938 943 965 974 as
980 929 1001 975 is
1016 928 1101 975 shown
1116 927 1148 989 by
1160 926 1200 975 the
1216 924 1320 989 parallel

747 992 811 1040 hom
823 992 865 1040 the
877 992 973 1041 Orator.
1008 993 1056 1040 But
1068 992 1087 1041 it
1096 992 1117 1040 is
1126 999 1170 1040 not
1179 1008 1236 1054 easy
1243 999 1269 1039 to
1281 1007 1321 1039 see

747 1056 805 1104 how
814 1056 863 1106 this
871 1056 953 1105 differs
960 1057 1023 1106 from
1031 1058 1072 1105 the
1081 1059 1194 1106 correctio
1203 1058 1231 1106 oi
1242 1059 1254 1114 ξ
1265 1070 1319 1116 ²03·

747 1122 858 1186 Perhaps
867 1122 886 1170 it
897 1122 970 1171 refers
986 1124 1067 1172 rather
1081 1130 1108 1170 to
1124 1122 1166 1171 the
1179 1122 1320 1185 expression

747 1186 808 1235 than
820 1196 846 1236 to
856 1188 899 1235 the
913 1187 1028 1251 thought.
1062 1187 1213 1244 Volkmann,
1226 1203 1250 1250 p.
1263 1186 1319 1250 496.

747 1252 875 1314 Certainly
895 1253 936 1302 the
954 1253 1055 1301 lumina
1072 1253 1203 1302 verborum
1222 1268 1262 1300 are
1277 1261 1320 1300 not

746 1317 806 1381 kept
824 1333 881 1380 very
899 1318 998 1367 distinct
1016 1319 1079 1367 from
1096 1318 1138 1366 the
1155 1318 1255 1365 lumina
1266 1333 1320 1365 son-

746 1383 837 1431 tcntiae
853 1383 1005 1446 throughout
1020 1384 1070 1432 this
1081 1398 1193 1447 passage,
1204 1399 1232 1431 as
1243 1382 1320 1445 Quin·

745 1448 816 1560 tiliim
827 1448 859 1496 ix.
872 1463 895 1509 3,
907 1459 939 1512 97
951 1450 1062 1498 remarks
1073 1449 1151 1498 nithe
1163 1456 1227 1497 term
1238 1448 1318 1497 which

745 1514 771 1561 io
793 1528 853 1562 ows.

781 1592 802 1628 1.
821 1581 999 1628 exclamatio:
1012 1579 1081 1628 Orat.
1092 1592 1136 1640 135
1147 1578 1177 1627 ‘si
1187 1584 1224 1627 est
1235 1577 1319 1640 aliqna

746 1644 894 1693 exclamatio
910 1644 950 1692 vel
967 1644 1137 1693 admirationis
1149 1644 1189 1692 vel
1201 1658 1319 1706 conques-

745 1707 836 1757 tionis.’
870 1711 925 1759 The
936 1710 1026 1758 former
1034 1712 1055 1759 is
1067 1708 1206 1772 ἔκφὼνησις,
1219 1710 1261 1757 the
1273 1708 1319 1756 lat·

746 1781 782 1822 ter
794 1775 969 1836 exortationis,
980 1777 1073 1823 Ernest.
1084 1774 1222 1823 Lex.'sech.
1230 1789 1255 1837 p.
1263 1786 1317 1835 152,

746 1841 777 1887 ad
791 1840 851 1890 Her.
862 1839 893 1888 iv.
905 1854 934 1887 aa
948 1845 998 1888 ‘ex
1011 1846 1047 1889 est
1059 1856 1121 1904 quae
1132 1840 1230 1888 conficit
1242 1839 1318 1901 signi·

745 1905 886 1954 ficationem
897 1906 992 1955 doloris
1004 1913 1046 1955 aut
1054 1905 1231 1969 indignationis
1243 1904 1319 1952 alicu·

745 1971 784 2019 ius
795 1986 839 2034 per
851 1971 958 2019 hominis
975 1980 1018 2020 aut
1033 1971 1101 2019 urbis
1116 1978 1157 2019 aut
1168 1970 1218 2019 loci
1230 1976 1273 2016 aut
1284 1968 1318 2016 rei

745 2036 882 2099 cuiuspiam
899 2036 1143 2100 compellationem’:
1159 2051 1211 2098 eg.
1224 2033 1319 2083 Dem's

745 2097 764 2148 ὦ
784 2101 816 2162 γῆ
835 2101 874 2149 καὶ
891 2100 941 2148 θεοί
955 2101 1004 2150 and
1025 2100 1098 2151 Cic's
1117 2109 1148 2150 ὀ
1166 2107 1284 2165 tempora,
1302 2115 1318 2148 ο

745 2165 851 2216 moresl'
874 2167 1025 2226 Volkmann,
1038 2183 1062 2230 p.
1074 2167 1129 2229 ⁴98·

777 2236 955 2282 imminutio:
980 2233 1064 2294 Quint.
1084 2233 1116 2281 ix.
1137 2245 1159 2291 3,
1179 2244 1213 2294 90
1233 2237 1320 2294 quotes

744 2297 792 2346 this
810 2313 837 2346 as
856 2314 902 2347 one
921 2299 1030 2347 instance
1049 2297 1078 2346 of
1098 2297 1186 2360 figures
1209 2298 1319 2344 ‘senten-

743 2364 834 2411 tiarum
858 2364 940 2426 potius
962 2378 1036 2426 quam
1063 2359 1209 2417 verborum,‘
1237 2360 1318 2409 which

745 2428 833 2477 Cicero
850 2428 993 2476 afterwards
1010 2443 1088 2476 seems
1105 2435 1131 2476 to
1149 2426 1269 2475 condemn
1286 2427 1318 2488 by

744 2495 862 2556 omitting
881 2493 950 2542 thern
969 2494 994 2541 in
1015 2494 1057 2541 the
1075 2492 1173 2540 Orator.
1208 2491 1233 2539 Ii
1248 2491 1319 2538 heis

744 2559 810 2622 right
829 2559 855 2606 in
874 2559 912 2606 his
930 2559 991 2606 view
1011 2559 1064 2607 that
1082 2558 1101 2606 it
1123 2557 1145 2606 is
1163 2573 1179 2605 a
1196 2555 1272 2618 figure
1292 2557 1322 2603 of

744 2624 858 2688 thought,
872 2623 891 2672 it
902 2631 966 2672 must
975 2624 1005 2672 bc
1014 2624 1056 2672 the
1067 2639 1134 2671 same
1143 2638 1170 2670 as
1180 2621 1319 2670 deminutio

744 2689 773 2737 oi
781 2690 813 2737 ad
827 2689 885 2737 Her.
899 2689 930 2739 iv.
945 2703 983 2751 50.
996 2690 1037 2738 the
1049 2687 1190 2736 extenuatio
1202 2687 1231 2734 oi
1239 2692 1251 2744 ξ
1262 2700 1317 2745 aon,

743 2754 839 2816 though
857 2755 906 2803 this
923 2755 1015 2802 admits
1030 2755 1057 2802 ol
1069 2755 1143 2816 being
1157 2752 1274 2815 regarded
1290 2767 1318 2799 as

744 2836 759 2868 a
776 2819 853 2882 figure
870 2821 899 2868 os
912 2820 1009 2884 speech,
1027 2820 1049 2867 ii
1062 2818 1159 2867 limited
1174 2826 1200 2866 to
1212 2833 1227 2865 a
1239 2817 1317 2880 single

743 2887 819 2934 word.
865 2886 913 2935 But
937 2886 963 2932 in
986 2885 1054 2934 Orat.
1080 2895 1125 2946 157
1151 2884 1237 2947 ‘quasi
1259 2897 1318 2930 vero

743 2952 880 2999 nesciamus
888 2953 913 2998 in
923 2951 971 2999 hoc
979 2965 1068 3014 genere
1077 2958 1101 2998 et
1108 2949 1208 3012 plenum
1216 2948 1317 2996 verbum

745 3015 864 3080 [novisse]
878 3023 942 3065 recte
954 3016 1003 3064 dici
1017 3023 1042 3064 et
1052 3016 1210 3063 imminutum
1220 3012 1316 3078 [nosse]

743 3079 846 3130 usitate’
863 3082 905 3130 the
924 3089 987 3130 term
1007 3096 1064 3143 may
1083 3079 1199 3144 possibly,
1221 3077 1317 3142 though

742 3155 786 3195 not
806 3146 934 3210 probably,
956 3146 1018 3195 refer
1035 3153 1062 3195 to
1079 3146 1128 3193 this
1143 3144 1316 3208 grammatica]

743 3211 911 3260 abbreviation
925 3211 1011 3275 (Stolo,
1024 3212 1080 3260 Lat.
1093 3210 1136 3259 Gr.
1151 3213 1163 3268 §
1180 3214 1246 3271 117).

774 3280 851 3334 quod
879 3280 910 3324 in
935 3279 1033 3325 multis
1058 3279 1169 3326 casibus
1193 3278 1315 3333 ponitur,

742 3342 799 3390 ‘the
815 3357 858 3390 nse
875 3343 904 3390 os
912 3358 927 3390 a
938 3342 1007 3389 word
1019 3342 1043 3389 in
1061 3341 1157 3389 various
1172 3338 1316 3398 inflexions‚¹

742 3405 917 3455 πολύπτωτονι
947 3407 1016 3456 Orat.
1042 3419 1086 3468 135
1110 3408 1183 3454 ‘cum
1206 3405 1315 3453 eiusdem

742 3467 1228 3535 nominiseasussaepiuscommutantur!
1237 3469 1314 3526 Blass,

742 3539 795 3587 Att.
817 3537 914 3587 Bereds.
934 3538 968 3586 iii.
991 3551 1003 3584 a
1025 3553 1049 3600 p.
1069 3551 1125 3597 304,
1143 3543 1230 3599 quotes
1252 3535 1315 3582 from

711 3642 712 3646 ,
743 3603 872 3652 Herodian
891 3603 975 3666 (Rhet.
994 3601 1038 3650 Gr.
1050 3602 1085 3651 iii.
1101 3605 1144 3664 97)
1162 3617 1177 3648 a
1194 3601 1315 3663 fragment

743 3669 772 3717 of
795 3667 931 3717 Clearchus
958 3669 984 3716 in
1009 3667 1091 3716 which
1120 3666 1161 3714 the
1188 3680 1261 3713 name
1289 3665 1318 3713 of

743 3733 923 3783 Demosthenes
933 3748 1037 3796 appears
1052 3733 1078 3780 in
1089 3731 1150 3781 each
1162 3746 1225 3791 case,
1237 3731 1262 3778 in
1274 3729 1315 3779 the

742 3797 885 3848 traditional
897 3798 969 3847 order
985 3798 1014 3846 of
1021 3798 1102 3846 which
1113 3797 1161 3846 this
1177 3797 1199 3844 is
1210 3796 1252 3844 the
1263 3811 1314 3843 ear·

741 3864 796 3913 liest
817 3864 940 3913 instance:
966 3861 1124 3925 Δημοσθένης
1140 3859 1233 3922 ὑπέστη
1249 3858 1314 3908 Φιλί-

742 3943 804 3990 ππω·
816 3927 984 3990 Δημοσθένους
993 3927 1064 3989 πένης
1074 3928 1119 3988 μὲν
1128 3927 1141 3974 ὃ
1150 3927 1209 3980 βιός,
1217 3924 1314 3987 μεγάλη

742 3993 767 4042 δὲ
785 3996 800 4056 ἡ
819 3993 946 4056 παρρησία·
966 3991 1115 4055 Δημοσθένει
1133 3991 1233 4039 πολλῶν
1253 3992 1313 4037 διδο-

741 4059 818 4119 μένων
827 4060 896 4107 οὐδὲν
904 4060 993 4119 πλῆθος
1000 4057 1056 4107 οὔτε
1065 4055 1158 4105 κάλλος
1165 4056 1230 4118 ἄξιον
1238 4053 1314 4117 ἐφάνη

741 4123 875 4186 προδοσίας·
893 4123 1051 4186 Δημοσθένην
1059 4121 1215 4186 Ἀλέξανδρος
1226 4119 1314 4183 ἐξῄτει·

741 4189 771 4238 πὸ
789 4191 827 4238 tat
843 4188 867 4237 τί
884 4190 937 4252 παρ’
952 4188 1032 4237 αὐτοῖς
1046 4187 1183 4251 λογίζεσθε·
1200 4188 1282 4235 ἀδίκως
1293 4183 1314 4233 δ’

741 4253 864 4312 ἀπέθανες,
881 4252 900 4303 ὦ
921 4254 1081 4316 Δημόσθενες.
1115 4254 1161 4317 Cp.
1179 4253 1263 4315 Quint.
1280 4252 1313 4300 ix.

743 4335 765 4383 3,
779 4320 818 4382 36·

776 4400 798 4436 a.
810 4390 887 4444 quod
893 4390 928 4434 de
936 4386 1055 4443 singulis
1062 4388 1147 4434 rebus
1152 4385 1312 4442 propositis,

740 4459 786 4503 etc
829 4452 852 4501 It
863 4467 942 4501 seems
953 4449 1096 4515 impossible
1112 4457 1139 4498 to
1151 4448 1253 4512 identisy
1265 4447 1315 4496 this
