3046 5040
562 366 630 426 DE
652 367 738 428 ORA
747 366 871 429 TORE
890 367 959 430 III.
1320 387 1361 454 29

160 546 294 604 teantur
312 537 503 619 intellegere
521 546 708 620 potuerunt.
753 538 845 601 Vero
868 539 957 602 enim
977 540 1109 618 oratori,
1125 561 1210 623 quae
1228 549 1306 604 sunt
1327 540 1360 605 in

160 642 333 708 hominum
344 643 423 718 vita,
438 642 709 724 quandoquidem
726 642 759 704 in
776 663 815 705 ea
835 651 984 706 versatur
1004 653 1116 707 orator
1138 653 1238 727 atque
1256 665 1295 707 ea
1311 653 1362 709 est

161 748 192 809 ei
218 746 366 810 subiecta
396 746 560 824 materies,
587 746 700 809 omnia
725 746 884 829 quaesita,
912 748 1037 825 audita,
1061 748 1156 824 lecta,
1182 749 1360 830 disputata,

161 858 312 928 tractata,
327 851 454 933 agitata
470 871 541 913 esse
557 851 689 914 debent.
730 851 792 914 Est
808 852 894 914 enim
911 851 1099 935 eloquentia
1114 873 1179 916 una
1194 854 1408 935 quaedamst

133 977 146 1030 5
161 955 204 1017 de
219 955 356 1017 summis
372 955 547 1018 virtutibus
562 976 569 1033 ;
592 974 794 1038 quamquam
814 965 892 1018 sunt
912 976 1028 1020 omnes
1045 957 1184 1019 virtutes
1205 955 1360 1038 aequales

161 1066 195 1121 et
211 1079 314 1141 pares,
331 1059 390 1121 sed
406 1066 519 1121 tamen
536 1067 587 1122 est
601 1059 711 1141 specie
723 1058 788 1122 alia
799 1059 906 1142 magis
922 1058 987 1122 alia
1003 1059 1147 1123 formosa
1159 1068 1193 1123 et
1205 1059 1361 1136 inlustris,

161 1163 247 1225 sicut
267 1162 348 1225 haec
367 1163 427 1238 viS,
442 1183 528 1245 quae
548 1162 720 1226 scientiam
741 1162 918 1245 complexa
939 1184 1047 1226 rerum
1068 1184 1165 1228 sensa
1185 1164 1306 1227 mentis
1328 1173 1361 1226 et

161 1265 299 1329 consilia
324 1266 371 1329 sic
394 1267 503 1330 verbis
533 1264 689 1348 explicat,
722 1275 759 1330 ut
791 1286 856 1344 eos,
886 1267 942 1349 qui
972 1268 1119 1343 audiant,
1150 1287 1361 1350 quocumque

160 1371 352 1448 incubuerit,
380 1371 484 1453 possit
510 1369 701 1452 impellere;
734 1391 819 1453 quae
843 1390 910 1452 quo
940 1372 1045 1435 maior
1071 1381 1121 1436 est
1143 1371 1202 1446 vis,
1225 1371 1288 1434 hoc
1311 1379 1362 1434 est

117 1497 147 1532 ιο
162 1476 268 1555 magis
297 1473 463 1557 probitate
490 1475 658 1558 iungenda
681 1494 878 1558 summaque
903 1475 1102 1557 prudentia;
1134 1495 1274 1558 quarum
1297 1475 1362 1539 vir-

160 1585 270 1641 tutum
304 1578 498 1659 expertibus
533 1577 561 1641 si
595 1578 727 1640 dicendi
761 1578 892 1662 copiam
927 1579 1169 1656 tradiderimus,
1202 1599 1270 1641 non
1304 1599 1362 1642 eos

160 1682 296 1764 quidem
327 1690 475 1746 oratores
508 1680 721 1759 effecerimus
759 1683 818 1745 sed
851 1682 1035 1746 furentibus
1068 1683 1233 1765 quaedam
1269 1702 1361 1748 arma

161 1785 357 1849 dederimus
405 1785 515 1862 Hanc,
532 1785 677 1868 inquam,
693 1787 863 1869 cogitandi
879 1786 1183 1870 pronuntiandique
1198 1786 1360 1850 rationem
1378 1786 1424 1853 15

161 1889 295 1972 vimque
310 1890 441 1955 dicendi
459 1899 586 1953 veteres
603 1888 720 1954 Graeci
739 1891 937 1972 sapientiam
957 1891 1197 1969 nominabant;
1219 1889 1296 1953 hinc
1315 1889 1362 1959 illi
1374 1873 1411 1919 ⁵⁰

118 2014 147 2064 15
163 1992 318 2074 Lycurgi,
344 1992 421 2056 hinc
448 1993 576 2069 Pittaci,
603 1992 680 2056 hinc
707 1993 849 2059 Solones
872 2002 972 2077 atque
994 1994 1038 2057 ab
1061 1993 1123 2057 hac
1146 1993 1362 2058 similitudine

163 2095 361 2160 Coruncanii
378 2097 492 2174 nostri,
510 2096 662 2172 Fabricii,
680 2096 836 2176 Catones,
853 2096 1027 2181 Scipiones
1048 2098 1187 2177 suerunt,
1203 2118 1270 2161 non
1290 2107 1360 2166 tam
1387 2101 1392 2108 ’

163 2199 302 2269 fortasse
325 2200 424 2277 docti,
447 2202 505 2264 sed
530 2202 656 2284 impetu
678 2202 800 2265 mentis
823 2202 922 2265 simili
946 2212 980 2266 et
1002 2202 1184 2267 voluntate.
1231 2203 1361 2274 Eadem

162 2314 275 2368 autem
292 2305 348 2367 alii
363 2305 549 2388 prudentia,
560 2306 618 2369 sed
631 2305 769 2369 consilio
785 2307 828 2369 ad
844 2306 932 2370 vitae
948 2308 1059 2371 studia
1075 2307 1200 2389 dispari
1215 2309 1362 2390 quietem

162 2417 264 2492 atque
286 2409 390 2472 otium
414 2409 528 2487 secuti,
548 2419 585 2473 ut
609 2409 825 2492 Pythagoras,
846 2411 1067 2487 Democritus,
1087 2411 1319 2494 Anaxagoras
1342 2433 1363 2476 a

118 2538 150 2573 ro
163 2514 316 2596 regendis
331 2512 519 2577 civitatibus
531 2522 620 2577 totos
635 2533 670 2578 se
685 2516 729 2578 ad
740 2515 966 2597 cognitionem
979 2535 1086 2578 rerum
1103 2515 1340 2585 transtulerunt
1354 2537 1362 2595 ;

163 2751 189 2800 Κ
199 2699 219 2733 1.
237 2701 294 2735 vero
304 2685 414 2799 enipFr:
430 2700 518 2734 verum
530 2685 597 2735 enim
609 2700 739 2750 perperam
750 2685 848 2736 codices
859 2685 979 2735 nonnulli.
1128 2685 1152 2737 6.
1170 2685 1246 2749 pecie
1256 2687 1362 2737 correxit

198 2768 203 2802 :
221 2753 308 2816 species
319 2768 337 2797 ω
398 2766 416 2800 r.

197 2909 219 2956 3.
237 2897 371 2947 subiecta,
384 2895 400 2944 i.
413 2909 468 2955 201,
479 2896 505 2944 ii.
519 2893 573 2944 116.
787 2894 849 2944 sime
858 2910 994 2945 mereamur
999 2895 1030 2944 de
1038 2895 1111 2945 rebus
1119 2894 1233 2944 humanis
1242 2894 1263 2943 si
1272 2894 1362 2944 latroni

199 2975 221 3024 5.
238 2963 412 3010 virtutibus:
431 2961 563 3024 according
578 2965 605 3009 to
616 2960 658 3010 the
670 2961 740 3012 Stoic
787 2976 960 3045 comparamus
991 2961 1053 3010 haec
1084 2976 1160 3019 arma,
1191 2977 1241 3010 non
1271 2959 1361 3010 militi!

164 3027 228 3078 view
239 3026 402 3091 propounded
413 3026 438 3074 in
450 3027 466 3076 i.
481 3029 521 3090 83.
786 3026 863 3075 Pid.s
886 3025 937 3076 reli.
957 3042 999 3076 are
1021 3033 1066 3075 not
1085 3034 1111 3076 at
1130 3026 1166 3075 all
1189 3026 1302 3090 parallel,
1323 3026 1362 3075 for

196 3091 220 3141 6.
238 3095 339 3152 specie,
352 3092 471 3141 ‘outward
479 3090 648 3158 appearance?
672 3093 740 3155 Kay·
778 3091 871 3155 furere
882 3092 904 3140 is
914 3091 975 3141 used
986 3091 1012 3140 in
1024 3109 1039 3140 a
1050 3091 1118 3156 quite
1130 3091 1241 3141 different
1252 3107 1327 3140 sense.

163 3156 222 3207 ser’s
244 3156 345 3219 reading
370 3158 445 3221 specie
467 3160 505 3208 ior
531 3159 618 3222 specz'es
645 3158 741 3223 greatly
821 3170 859 3218 13.
878 3161 1109 3218 dederimus,‘we
1120 3156 1185 3205 shall
1197 3155 1248 3205 find
1259 3156 1314 3206 that
1324 3175 1362 3207 we

163 3223 288 3286 improves
299 3222 341 3271 the
353 3230 472 3273 sentence.
785 3221 849 3270 have
860 3221 949 3285 given?
983 3223 1044 3272 This
1055 3222 1077 3272 is
1089 3221 1156 3271 osten
1167 3222 1209 3272 the
1219 3223 1273 3271 best
1284 3230 1362 3274 trans,

197 3291 253 3337 alit
265 3325 271 3335 .
284 3324 290 3336 .
304 3322 310 3335 .
323 3291 386 3346 alia,
400 3291 461 3338 ‘one
472 3289 532 3339 than
546 3287 675 3338 another’:
699 3305 738 3353 cp.
786 3287 865 3335 lation
875 3287 914 3336 ior
925 3288 966 3337 the
978 3288 1022 3338 fut.
1034 3289 1093 3352 peri.

164 3353 218 3404 Cic.
226 3353 259 3402 ad
267 3352 338 3401 Fam.
347 3354 388 3402 vii.
399 3367 436 3416 24.
446 3355 551 3405 2‘Sardi
560 3355 667 3415 venales,
676 3355 740 3404 alius
818 3356 964 3412 rationem,
978 3351 1111 3402 ‘method'

163 3419 216 3472 alio
227 3416 344 3481 nequior.'
821 3432 859 3480 14
871 3421 1051 3475 sapientiam:
1063 3420 1184 3466 Isocrates
1192 3417 1311 3481 regarded
1323 3418 1362 3466 his

198 3495 220 3547 7.
233 3488 302 3534 haec
311 3487 365 3545 vis,
372 3483 388 3532 i.
394 3502 414 3535 e.
424 3485 481 3535 aliis
487 3486 617 3536 virtutibus
624 3492 739 3550 praestat.
785 3483 893 3548 training
906 3484 930 3532 in
941 3484 1049 3533 rhetoric
1060 3500 1087 3532 as
1098 3501 1113 3532 a
1123 3483 1231 3547 training
1242 3483 1268 3531 in
1279 3483 1362 3547 philo-

197 3552 343 3599 scientiam
364 3555 511 3607 complexa
531 3567 632 3611 rerum,
656 3552 740 3601 ‘when
786 3549 879 3613 sophy:
898 3565 936 3613 cp.
949 3549 1044 3599 Introd.
1055 3566 1080 3614 p.
1093 3549 1132 3611 36.

163 3616 185 3669 it
196 3616 240 3664 has
253 3615 375 3664 mastered
386 3616 429 3665 the
439 3617 501 3667 facts
513 3617 542 3666 οἱ
550 3617 592 3666 the
603 3614 675 3668 case!
822 3628 859 3677 15.
876 3618 1008 3675 Lycurgi,
1027 3617 1100 3665 ‘men
1117 3613 1168 3663 like
1186 3614 1330 3678 Lycurgus,'
1344 3613 1360 3668 i.

196 3696 288 3737 sensa,
300 3681 317 3730 i.
330 3693 369 3742 32.
788 3695 832 3729 211
847 3680 937 3744 (note),
949 3681 975 3731 ii.
986 3695 1026 3744 94.

198 3761 221 3810 9.
250 3750 421 3806 incubuerit,
453 3747 486 3797 ‘it
513 3747 559 3797 has
587 3747 684 3797 thrown
709 3747 740 3797 its
819 3749 854 3796 ab
883 3750 935 3796 hac
964 3749 1152 3795 similitudine
1168 3768 1190 3787 =
1206 3745 1251 3794 ‘ab
1273 3745 1371 3795 horum·

164 3809 273 3876 weight,'
283 3820 395 3876 stronger
406 3812 466 3861 than
476 3814 538 3862 velit
548 3813 573 3861 in
585 3813 602 3862 i.
616 3827 654 3873 30.
787 3810 965 3871 similitudine‚'
981 3813 1007 3862 ii.
1021 3826 1052 3874 53
1073 3811 1162 3877 (note).
1196 3811 1226 3859 ab
1242 3812 1288 3860 hac
1303 3812 1360 3861 sim.

199 3891 237 3926 ro.
246 3881 387 3933 probitate
397 3879 578 3936 iungendam
586 3894 664 3927 seems
673 3879 741 3942 quite
786 3878 807 3926 is
836 3877 940 3941 parallel
963 3883 989 3926 to
1011 3877 1078 3936 hinc,
1104 3877 1154 3926 and
1182 3885 1292 3939 suggests
1319 3876 1362 3926 the

164 3942 309 4006 impossible
330 3949 357 3992 to
376 3942 440 4005 deny
456 3943 510 3992 that
526 3944 584 3992 here
600 3943 703 4006 iungere
720 3945 741 3993 is
787 3958 872 3992 source
888 3943 952 3991 from
968 3943 1049 3992 which
1066 3943 1108 3992 the
1124 3942 1304 3992 characteristic
1320 3958 1361 3990 ex·

164 4008 226 4057 used
236 4007 423 4072 withasimple
437 4008 552 4068 ablative,
567 4009 589 4057 il
600 4010 641 4058 the
653 4016 703 4058 text
719 4009 741 4056 is
787 4008 894 4057 cellence
912 4008 940 4056 of
955 4009 1017 4057 each
1033 4025 1085 4057 was
1100 4007 1207 4057 derived.
1240 4007 1288 4055 We
1304 4023 1362 4069 may

163 4073 260 4122 sound:
282 4090 321 4136 cp.
337 4082 395 4122 note
412 4081 438 4123 at
454 4075 495 4123 the
511 4075 559 4123 end
575 4075 604 4122 oi
618 4074 689 4123 Book
706 4074 741 4123 II.
787 4073 906 4122 translate
919 4073 982 4123 ‘this
994 4075 1012 4123 it
1023 4090 1075 4122 was
1085 4075 1138 4123 that
1150 4070 1292 4137 produced,'
1303 4076 1350 4123 &o

164 4139 210 4187 Dr.
232 4138 295 4187 Reid
316 4139 400 4188 thinks
420 4139 547 4202 iungenda
566 4156 631 4203 open
651 4147 677 4188 to
697 4140 740 4187 ob·
822 4149 859 4202 17.
877 4142 986 4195 impetu
1013 4143 1126 4200 mentis,
1158 4135 1306 4201 ‘tendency'
1334 4153 1363 4189 or

161 4205 255 4268 jection
271 4220 298 4253 as
309 4203 379 4254 weak
397 4205 422 4253 in
439 4205 512 4265 itseif,
524 4205 572 4253 and
589 4206 672 4268 neatly
684 4221 741 4253 con·
787 4202 881 4253 ‘aims’

161 4269 268 4333 jectures
279 4270 421 4330 uincienda,
432 4271 578 4333 comparing
587 4271 659 4319 Tusc.
672 4271 705 4319 D.
714 4271 740 4318 ii.
822 4271 859 4317 18.
872 4272 991 4318 advitae
1000 4273 1103 4330 studia,
1115 4270 1154 4318 ‘in
1163 4276 1258 4334 respect
1265 4269 1295 4318 oi
1297 4269 1362 4319 their

164 4336 196 4396 48
219 4335 267 4383 and
287 4351 332 4398 pro
352 4337 417 4384 Mur.
440 4349 476 4395 ²3·
518 4335 585 4384 Ido
604 4344 649 4384 not
669 4335 741 4384 think
787 4333 965 4384 aimsinlisez’
983 4334 1009 4382 ii.
1023 4349 1076 4382 roo.

164 4399 207 4449 the
230 4415 298 4449 sense
319 4400 349 4448 ol
367 4400 408 4450 the
427 4400 498 4449 word
517 4401 656 4450 unsuitable
676 4401 741 4451 here.
822 4413 859 4447 20.
871 4403 1062 4458 cognitionem
1073 4399 1324 4464 rerum,‘thestudy
1335 4399 1365 4449 oi

201 4465 741 4531 12.furentibus:cp.Quintil.xii.1.1‘pes-
787 4467 889 4527 nature,'
900 4466 944 4515 ie.
956 4465 1115 4531 philosophy.
