3046 5040
186 369 247 432 108
534 371 583 434 M.
610 371 752 432 TULLI
774 370 1030 435 CICERONIS

184 542 328 606 hominis
356 543 516 625 ingeniosi
546 564 585 608 ac
612 544 767 607 memoris
794 543 897 607 valuit
928 542 1133 620 exercitatio,
1164 550 1211 619 ut,
1241 561 1319 606 curn
1349 560 1386 605 se

186 658 296 712 mente
321 669 359 713 ac
384 649 556 713 voluntate
579 649 772 712 coniecisset
797 648 829 710 in
854 668 996 724 versum,
1022 648 1124 711 verba
1152 655 1386 728 sequerentur;

185 761 310 832 quanto
341 753 373 816 id
404 752 531 816 facilius
561 753 594 814 in
631 753 790 829 oratione,
819 752 1056 815 exercitatione
1085 758 1119 814 et
1148 751 1386 815 consuetudine

185 854 345 933 adhibita,
360 862 616 938 consequemurl

120 974 172 1020 195
231 958 317 1023 lllud
341 969 454 1022 autem
481 980 522 1023 ne
547 960 620 1041 quis
644 959 834 1036 admiretur,
858 977 1004 1040 quonam
1029 958 1131 1021 modo
1155 958 1237 1021 haec
1265 956 1413 1041 volgus5

186 1062 413 1143 imperitorum
430 1064 462 1125 in
477 1063 645 1126 audiendo
661 1072 765 1139 notet,
781 1082 856 1126 cum
876 1063 909 1124 in
929 1062 1020 1124 omni
1038 1081 1158 1143 genere
1178 1070 1249 1124 tum
1272 1062 1306 1123 in
1322 1060 1387 1125 hoc

186 1167 259 1248 ipso
285 1186 406 1247 magna
430 1168 594 1249 quaedam
619 1176 669 1231 est
698 1168 748 1230 vis
775 1166 1041 1249 incredibilisque
1063 1176 1208 1229 naturae.
1256 1164 1386 1229 Omnes

186 1271 273 1333 enim
288 1272 390 1333 tacito
407 1272 552 1352 quodam
570 1291 666 1334 sensu
684 1271 755 1334 sine
771 1270 838 1334 ulla
853 1280 923 1334 arte
946 1280 1004 1333 aut
1020 1270 1146 1332 ratione
1165 1290 1251 1351 quae
1269 1270 1337 1332 sint
1353 1269 1386 1331 in

186 1374 312 1436 artibus
341 1393 380 1437 ac
407 1375 588 1438 rationibus
619 1384 708 1439 recta
737 1395 775 1438 ac
805 1395 908 1456 prava
937 1373 1140 1452 diiudicant3
1178 1374 1278 1454 idque
1308 1393 1386 1435 cum

185 1478 309 1540 iaciunt
335 1478 368 1539 in
393 1479 528 1560 picturis
551 1487 585 1542 et
607 1480 640 1541 in
664 1479 767 1560 signis
790 1486 824 1542 et
846 1479 878 1540 in
900 1476 972 1541 aliis
994 1477 1157 1559 operibus,
1180 1477 1222 1540 ad
1242 1496 1386 1557 quorum
1403 1496 1431 1532 ιο

187 1581 445 1662 intellegentiam
470 1603 489 1647 a
514 1593 631 1646 natura
661 1585 769 1645 minus
793 1582 917 1645 habent
940 1581 1159 1657 instrumenti,
1182 1589 1254 1642 tum
1278 1578 1388 1643 multo

186 1686 364 1748 ostendunt
390 1687 494 1769 magis
521 1688 554 1749 in
577 1687 763 1760 verborum,
789 1705 1000 1749 numerorum
1029 1704 1215 1766 vocumque
1241 1683 1388 1758 iudicio;

186 1789 277 1871 quod
299 1809 338 1851 ea
360 1799 436 1852 sunt
459 1791 492 1852 in
515 1790 744 1853 communibus
767 1789 868 1853 infixa
891 1789 1040 1852 sensibus
1061 1808 1121 1851 nec
1141 1806 1254 1850 earum
1275 1807 1386 1850 rerum

120 1909 173 1954 ree
187 1912 387 1975 quemquam
410 1893 559 1957 funditus
582 1905 699 1956 natura
722 1915 793 1956 esse
813 1893 919 1956 voluit
946 1902 1127 1975 expertem.
1174 1891 1291 1973 ltaque
1318 1910 1387 1953 non

187 1995 294 2060 solum
310 1996 419 2059 verbis
433 2006 504 2059 arte
524 1997 640 2078 positis
656 2006 831 2060 moventur
851 2017 977 2073 omnes,
992 2015 1106 2059 verum
1123 1995 1224 2059 etiam
1240 1995 1387 2058 numeris
1402 2017 1430 2065 15

187 2119 225 2163 ac
245 2099 389 2162 vocibus.
436 2099 568 2181 Quotus
583 2102 670 2164 enim
687 2102 825 2184 quisque
841 2111 891 2165 est
913 2101 969 2183 qui
985 2107 1098 2164 teneat
1112 2108 1217 2162 artem
1233 2118 1386 2162 numero-

188 2223 260 2265 rum
271 2223 309 2265 ac
322 2204 517 2266 modorum?
550 2202 601 2266 At
617 2204 649 2266 in
662 2205 713 2268 his
725 2206 753 2267 si
769 2203 903 2287 paulum
917 2205 1018 2267 modo
1030 2203 1192 2265 offensum
1205 2210 1265 2280 est,
1278 2210 1316 2264 ut
1327 2212 1386 2266 aut

188 2307 411 2370 contractione
429 2306 560 2371 brevius
580 2306 674 2371 fieret
688 2317 747 2372 aut
762 2309 979 2391 productione
1000 2307 1140 2391 longius,
1161 2306 1291 2369 theatra
1313 2314 1387 2370 tota

188 2411 378 2472 reclamant.
425 2410 526 2493 Quid,
542 2411 605 2475 hoc
620 2432 686 2475 non
707 2413 793 2475 idem
816 2411 854 2476 fit
872 2413 905 2474 in
922 2411 1067 2488 vocibus,
1083 2419 1120 2473 ut
1135 2431 1155 2473 a
1171 2409 1387 2473 multitudine

189 2524 221 2577 et
237 2513 362 2596 populo
374 2534 441 2577 non
454 2517 554 2579 modo
565 2525 717 2580 catervae
732 2525 832 2596 atque
847 2525 1034 2591 concentus,
1051 2515 1109 2578 sed
1125 2515 1226 2577 etiam
1243 2513 1305 2595 ipsi
1322 2513 1386 2575 sibi
1402 2535 1431 2570 20

130 2616 174 2681 51
188 2617 308 2699 singuli
328 2619 552 2701 discrepantes
572 2618 752 2683 eiciantur?
799 2618 951 2686 Mirabile
970 2629 1031 2695 est,
1047 2639 1122 2681 cum
1146 2616 1326 2701 plurimum
1352 2617 1385 2679 in

122 2703 173 2751 ¹⁰⁷
188 2722 337 2784 faciendo
356 2723 484 2785 intersit
498 2722 583 2785 inter
597 2724 734 2788 doctum
750 2733 783 2786 et
800 2725 925 2800 rudem,
941 2743 1041 2805 quam
1064 2743 1130 2785 non
1149 2722 1290 2784 multum
1310 2721 1385 2784 diff-

188 2835 258 2887 erat
269 2825 302 2886 in
315 2825 501 2889 iudicando.
547 2826 615 2890 Ars
625 2828 711 2891 enim
724 2846 799 2890 cum
812 2848 831 2890 a
843 2838 959 2890 natura
972 2824 1120 2908 profecta
1130 2827 1182 2902 sit,
1194 2825 1256 2889 nisi
1268 2835 1386 2889 natura

518 2973 556 3010 11.
573 2961 821 3013 naturaMKSFr.
835 2963 878 3012 H:
896 2969 1017 3011 naturam
1030 2963 1056 3010 P.

187 3094 257 3151 pater
268 3085 383 3134 Sidonius
394 3091 418 3134 et
433 3084 542 3135 Licinius
560 3085 680 3136 Archias’
714 3088 761 3153 Cp.

187 3151 318 3216 proArcb.
334 3152 372 3200 18.

222 3232 243 3265 a.
261 3222 459 3273 sequerentur:
477 3232 516 3281 ep.
526 3216 569 3265 old
580 3216 665 3267 Cato’s
676 3218 763 3283 saying

187 3284 254 3395 {pem
266 3289 327 3341 tene,
341 3283 415 3330 verba
430 3281 573 3347 sequentur‚’
590 3284 639 3333 and
651 3283 715 3333 Hor.
729 3285 759 3333 A.

209 3384 215 3396 .
247 3360 284 3395 11.

222 3363 244 3477 53.
262 3429 298 3462 ne
309 3417 373 3471 quis
384 3416 554 3463 admiretur:
572 3415 652 3478 Roby‚
667 3419 680 3473 ξ
691 3413 761 3464 1660.

222 3481 244 3527 8.
273 3484 360 3529 tacito
402 3495 495 3538 sensu,
541 3478 763 3543 ‘unconsciously,’

188 3545 307 3608 N'agelsb.
317 3543 382 3594 Stil.⁶
391 3560 415 3608 p.
426 3559 470 3606 31¹
484 3563 490 3594 ε
502 3546 570 3594 Orat.
585 3559 631 3606 203
643 3549 761 3611 ‘quorum

191 3613 235 3674 (sc.
247 3608 371 3671 versuum)
385 3611 487 3658 modum
498 3618 568 3659 notat
580 3627 625 3669 ars,
639 3613 681 3660 sed
692 3628 763 3660 aures

188 3676 257 3741 ipsae
269 3676 345 3725 tacito
356 3691 412 3724 eum
424 3692 494 3724 sensu
506 3676 558 3725 sine
570 3684 621 3725 arte
629 3676 761 3726 definiunt!

222 3745 253 3790 in
268 3745 377 3789 artibus
389 3757 421 3790 ao
436 3744 601 3802 rationibus,
614 3743 652 3790 ‘in
664 3744 763 3792 various

189 3806 308 3856 branches
319 3807 347 3855 of
355 3815 393 3854 art
405 3807 452 3854 and
465 3805 567 3872 theory.’

225 3886 262 3920 11.
279 3875 480 3921 instrumenti:
497 3872 512 3922 i.
529 3871 583 3935 165.

225 3952 262 4000 13.
280 3941 476 3987 communibus
503 3941 641 3997 sensibus,
670 3942 682 3996 ᾖ
708 3953 762 4001 115,

189 4021 227 4068 cp.
241 4019 286 4067 pro
298 4003 353 4053 Clu.
368 4014 406 4065 17.

225 4071 262 4118 18.
280 4073 451 4118 reclamant:
479 4069 548 4120 Orat.
570 4081 616 4132 173
635 4070 675 4118 ‘in
693 4085 763 4118 versu

190 4135 289 4199 quidem
301 4135 396 4183 theatra
407 4143 460 4183 tota
471 4134 647 4190 exclamantsi
658 4136 703 4184 suit
715 4151 764 4183 una

190 4200 286 4262 syllaba
298 4208 341 4248 aut
352 4201 448 4248 brevior
463 4208 505 4248 aut
518 4201 630 4264 longior;
646 4217 692 4250 nec
706 4217 764 4249 vero

189 4265 321 4314 multitudo
337 4266 413 4330 pedes
428 4266 498 4314 novit
512 4281 559 4314 nec
573 4267 638 4316 ullos
649 4282 765 4316 numeros

189 4337 262 4388 tenet,
274 4346 319 4379 nec
334 4331 397 4378 illud
414 4331 482 4395 quod
498 4331 598 4380 offendit
614 4340 656 4381 aut
668 4347 711 4382 cur
722 4338 765 4380 aut

189 4397 215 4445 in
232 4412 282 4459 quo
299 4395 414 4454 offendat,
427 4396 557 4460 intellegit,
569 4405 594 4446 et
611 4405 694 4446 tamen
711 4413 763 4446 om-

189 4463 257 4510 nium
270 4462 452 4526 longitudinum
466 4471 491 4513 et
502 4462 650 4512 brevitatum
661 4462 687 4512 in
698 4464 765 4512 sonis

812 3087 876 3138 siout
893 3096 1019 3137 acutarum
1038 3087 1198 3152 graviumque
1213 3101 1301 3135 vocum
1324 3086 1387 3135 iudi·

812 3155 878 3205 cium
889 3155 944 3218 ipsa
955 3161 1041 3202 natura
1054 3155 1077 3201 in
1092 3153 1191 3201 auribus
1207 3152 1298 3200 nostris
1308 3150 1387 3202 collo

812 3218 891 3269 cavit?
926 3220 979 3267 The
992 3218 1114 3268 Scholiast
1126 3234 1159 3266 on
1173 3218 1229 3265 Eur.
1245 3217 1326 3267 Orest.
1341 3216 1387 3280 269

812 3285 869 3334 tells
880 3302 895 3333 a
906 3292 973 3346 story
984 3285 1041 3333 how
1052 3284 1094 3332 the
1105 3290 1174 3332 actor
1186 3282 1388 3346 Hegelochus‚iu

812 3351 948 3414 delivering
961 3351 1003 3398 the
1017 3366 1085 3398 verse
1100 3349 1128 3396 br
1142 3347 1253 3408 κυμάτων
1263 3345 1313 3409 γὰρ
1323 3345 1388 3397 αὖθις

812 3413 842 3463 αὖ
853 3415 941 3478 γαλήν’
953 3415 1010 3476 ὁρῶ,
1021 3416 1054 3478 by
1065 3432 1080 3463 a
1091 3414 1177 3462 failure
1189 3413 1218 3462 oi
1223 3413 1317 3472 breath,
1331 3429 1388 3478 pro·

813 3482 925 3530 nounced
932 3482 1020 3542 γαλῆν,
1029 3477 1144 3538 ‘weasel,’
1152 3479 1247 3527 instead
1255 3479 1283 3527 oi
1289 3477 1386 3540 γαλήν’,

814 3545 912 3607 ‘calm,’
936 3547 984 3594 and
1005 3561 1054 3594 was
1071 3544 1177 3608 laughed
1197 3544 1234 3592 off
1250 3543 1294 3594 the
1310 3552 1387 3608 stage.

813 3613 860 3676 Cp.
874 3613 949 3660 Arist.
959 3611 1022 3661 Rau.
1036 3625 1091 3674 304,
1105 3610 1163 3658 with
1174 3609 1258 3659 Schol.

848 3693 885 3726 20.
903 3675 1180 3740 oetervae,‘trorrpes.'
1225 3680 1386 3732 concentus,

815 3743 971 3792 ‘choruscs'z
997 3758 1043 3806 pro
1078 3743 1139 3790 Sest.
1165 3742 1210 3788 118
1235 3742 1308 3789 ‘nam
1332 3756 1388 3789 cum

813 3816 925 3873 ageretur
934 3815 1020 3872 togata
1032 3845 1038 3857 .
1048 3843 1054 3855 .
1063 3843 1069 3855 .
1079 3815 1176 3856 caterva
1187 3811 1241 3854 tota
1252 3805 1389 3855 clarissima

813 3875 999 3926 concentatioue
1019 3874 1160 3922 contionata
1183 3868 1238 3921 est?
1280 3871 1344 3919 This
1367 3869 1390 3918 is

814 3939 960 4006 practically
977 3956 992 3987 a
1012 3938 1157 4000 hendiadys‚
1175 3953 1203 3985 as
1219 3935 1389 4002 N'agelsbach,

814 4022 838 4070 p,
852 4019 890 4067 35,
904 4007 1002 4054 notices.
1036 4004 1082 4068 Cp.
1095 4019 1119 4068 p.
1135 4004 1188 4051 282.

848 4084 886 4121 21⁴
904 4074 960 4120 sibi
982 4072 1189 4125 discrepantes:
1213 4067 1351 4131 discrepare
1368 4067 1390 4116 is

814 4136 931 4185 followed
945 4136 977 4197 by
989 4135 1032 4183 the
1045 4135 1126 4183 dative
1138 4133 1163 4181 in
1179 4133 1253 4182 Tusc.
1265 4132 1300 4182 D.
1312 4133 1344 4182 iv.
1359 4146 1390 4196 ²9

815 4201 930 4252 ‘affectio
947 4208 983 4249 est
1001 4200 1045 4248 illa
1064 4200 1163 4264 quidem
1180 4199 1323 4262 discrepans
1342 4198 1390 4247 sibi

814 4265 885 4331 ipsa!
918 4266 1065 4315 Sometimes
1082 4282 1119 4314 we
1132 4264 1183 4312 find
1194 4281 1212 4312 α
1223 4264 1345 4320 otiarer:
1362 4279 1391 4313 as

814 4333 875 4381 with
886 4331 1023 4380 dissentire.

850 4393 1391 4459 23.nature,‘naturally,'withoutueeding

815 4463 857 4513 the
868 4463 909 4512 aid
921 4463 950 4512 ol
958 4460 1103 4512 theoretical
1114 4461 1222 4525 training
1235 4475 1264 4509 or
1275 4460 1357 4525 study.
