3046 5040
215 339 258 401 80
561 339 612 400 M.
640 337 782 400 TULLI
803 337 1058 401 CICERONIS

215 510 421 574 inlustranda
435 511 584 575 oratione
599 519 637 573 ut
652 511 785 586 diceres
801 519 835 573 et
855 530 928 574 eras
949 510 1020 592 ipse
1040 510 1106 574 iam
1127 511 1292 594 ingressus
1312 520 1416 596 atque

214 614 247 677 in
263 624 419 698 quattuor
437 615 538 696 partis
557 634 689 678 ornnem
711 614 869 678 orationis
890 614 1023 678 laudern
1041 615 1261 698 discripseraS,
1277 637 1355 680 cum
1370 617 1416 680 de

215 719 344 782 duabus
364 719 478 801 primis
498 719 594 783 nobis
612 719 746 800 quidem
767 718 857 794 satis,
872 720 940 795 sed,
961 727 998 782 ut
1018 720 1089 800 ipse
1106 721 1249 797 dicebas,
1265 721 1416 785 celeriter

214 823 402 905 exigueque
422 823 575 897 dixisses,
594 824 678 886 duas
700 823 761 886 tibi
782 823 922 906 reliquas
940 821 1075 899 feceras,
1094 844 1193 906 quem
1213 825 1256 887 ad
1276 825 1415 888 modurn

148 939 201 993 145
216 928 358 1009 primum
374 937 498 1004 ornate,
513 926 634 989 deinde
649 927 750 990 etiam
765 937 843 1008 apte
858 928 1056 991 diceremus:
1075 949 1142 1011 quo
1157 948 1233 991 cum
1250 929 1415 1012 ingressus
1429 954 1443 1004 5

214 1050 311 1108 esses,
331 1041 467 1112 repente
487 1040 521 1096 te
542 1031 636 1113 quasi
659 1032 794 1113 quidam
815 1040 927 1096 aestus
947 1033 1056 1115 ingeni
1076 1033 1125 1096 tui
1147 1033 1261 1115 procul
1285 1054 1306 1096 a
1327 1043 1416 1096 terra

214 1135 357 1217 abripuit
380 1143 481 1217 atque
504 1134 538 1197 in
561 1135 666 1199 altum
691 1155 711 1197 a
734 1145 912 1217 conspectu
933 1156 1038 1218 paene
1059 1136 1208 1200 omnium
1229 1137 1415 1214 abstraxit;

214 1257 349 1301 omnem
374 1240 461 1302 enim
485 1259 592 1302 rerum
616 1239 787 1303 scientiam
809 1239 1006 1322 complexus
1029 1259 1097 1303 non
1121 1248 1156 1302 tu
1179 1240 1314 1322 quidem
1338 1260 1414 1303 eam

215 1343 312 1406 nobis
326 1342 510 1420 tradidisti;
533 1362 641 1425 neque
656 1343 742 1405 enirn
759 1341 822 1408 fuit
836 1353 906 1407 tam
919 1344 1032 1426 exigui
1048 1343 1228 1424 temporis;
1249 1344 1307 1407 sed
1322 1343 1414 1425 apud

213 1445 275 1510 hos
306 1447 383 1528 quid
414 1445 589 1528 profeceris
614 1447 733 1523 nescio,
762 1467 815 1509 me
839 1448 973 1529 quidem
998 1448 1031 1510 in
1055 1446 1275 1511 Academiam
1302 1456 1414 1511 totum
1430 1469 1459 1504 10

215 1550 414 1633 compulisti.
455 1551 494 1613 In
514 1571 580 1632 qua
594 1549 693 1613 velim
714 1551 757 1613 sit
778 1550 869 1627 illud,
884 1551 975 1633 quod
997 1570 1096 1632 saepe
1120 1551 1269 1633 posuisti,
1288 1558 1325 1614 ut
1347 1570 1415 1614 non

214 1675 347 1718 necesse
372 1654 413 1716 sit
440 1674 633 1718 consumere
658 1663 802 1717 aetatem
828 1664 928 1737 atque
954 1663 992 1718 ut
1022 1654 1127 1736 possit
1157 1654 1185 1716 is
1216 1654 1272 1717 illa
1300 1655 1415 1719 omnia

214 1779 353 1836 cernere,
376 1759 432 1841 qui
455 1760 690 1823 tantummodo
713 1760 900 1839 aspexerit;
930 1759 989 1822 sed
1011 1758 1141 1821 etiamsi
1163 1768 1213 1822 est
1233 1758 1415 1841 aliquando

213 1864 351 1946 spissius
365 1873 422 1927 aut
438 1864 464 1926 si
484 1884 547 1945 ego
567 1883 641 1925 sum
663 1862 795 1938 tardior,
812 1861 961 1944 profecto
982 1882 1164 1944 numquam
1182 1863 1413 1944 conquiescam

214 1987 321 2050 neque
341 1966 548 2049 defatigabor
568 1975 654 2043 ante,
671 1986 771 2048 quam
793 1966 923 2029 illorum
943 1966 1097 2048 ancipitis
1112 1967 1182 2029 vias
1203 1967 1414 2049 rationesque
1429 1992 1456 2042 15

147 2085 200 2132 146
215 2082 248 2136 et
273 2092 333 2152 pro
358 2071 511 2134 omnibus
534 2080 568 2133 et
592 2079 706 2133 contra
730 2071 843 2134 omnia
867 2070 1059 2153 disputandi
1083 2066 1278 2153 percepero’
1323 2070 1414 2134 Tum

216 2173 338 2238 Caesar
364 2171 501 2237 ‘unum’
529 2174 635 2257 inquit
663 2181 735 2237 ‘me
761 2195 806 2237 ex
832 2182 891 2236 tuo
921 2193 1073 2237 sermone
1102 2174 1258 2250 maxime,
1285 2172 1413 2249 Crasse,

215 2278 403 2354 commovit,
419 2278 508 2361 quod
524 2299 600 2341 eum
619 2278 756 2360 negasti,
771 2277 828 2360 qui
848 2297 914 2340 non
937 2278 1003 2342 cito
1026 2277 1106 2359 quid
1122 2276 1301 2352 didicisset,
1316 2296 1413 2340 num·

215 2402 314 2465 quam
331 2381 466 2444 omnino
482 2401 579 2463 posse
594 2381 797 2463 perdiscere;
813 2390 850 2444 ut
866 2381 946 2443 mihi
958 2401 1025 2444 non
1038 2381 1080 2443 sit
1092 2379 1225 2444 difficile
1236 2380 1414 2463 periclitari

215 2495 249 2550 et
269 2495 326 2550 aut
346 2487 458 2550 statim
479 2484 646 2567 percipere
666 2485 739 2563 ista,
755 2505 840 2567 quae
858 2493 894 2547 tu
915 2485 1023 2548 verbis
1044 2484 1086 2546 ad
1105 2483 1233 2547 caelum
1253 2483 1414 2562 extulisti,
1428 2501 1458 2537 20

214 2598 281 2664 aut,
296 2589 322 2652 si
338 2611 404 2654 non
421 2589 596 2673 potuerim,
612 2597 745 2670 tempus
761 2608 827 2652 non
840 2588 986 2669 perdere,
1002 2607 1078 2650 cum
1095 2596 1208 2651 tamen
1224 2586 1276 2650 his
1291 2587 1414 2650 nostris

150 2714 201 2763 147
215 2693 339 2774 possim
355 2713 427 2757 esse
442 2688 632 2756 contentus.'
679 2691 745 2754 Hic
763 2691 928 2775 Sulpicius
944 2698 1022 2774 ‘ego
1036 2690 1134 2767 vero,'
1148 2690 1256 2772 inquit
1271 2688 1414 2769 ‘Crasse,

214 2817 321 2880 neque
340 2796 557 2860 Aristotelem
580 2796 679 2859 istum
700 2816 807 2878 neque
830 2795 1037 2860 Carneadem
1056 2815 1117 2858 nec
1138 2793 1414 2878 philosophorum

357 2984 379 3020 a.
395 2986 451 3021 cum
459 2971 489 3019 de
498 2970 594 3020 duabus
606 2970 649 3020 KS
662 2987 668 3018 :
684 2985 789 3035 cumque
798 2969 895 3018 duabus
905 2971 954 3018 M:
973 2985 1077 3034 cumque
1087 2969 1116 3018 de
1126 2969 1224 3018 duabus
1235 2969 1263 3021 P.

585 3046 606 3099 7.
623 3036 738 3084 oninium
748 3036 786 3084 M
791 3036 829 3084 PS
842 3052 848 3084 :
865 3035 998 3084 hominum
1010 3036 1043 3084 K.

213 3194 258 3243 leit
273 3192 385 3257 yourself
397 3192 439 3242 the
456 3201 507 3242 two
521 3192 611 3253 others,
623 3193 669 3243 viz.
680 3193 739 3242 how
749 3209 787 3242 we
837 3192 899 3241 with
913 3208 962 3255 any
972 3191 1093 3242 reference
1106 3199 1133 3242 to
1149 3189 1245 3241 Cotta's
1256 3192 1415 3243 attachment

212 3276 275 3309 were
292 3268 318 3309 to
335 3258 412 3323 speak
428 3257 507 3320 firstly
522 3259 583 3308 with
600 3259 725 3323 elegance,
737 3257 787 3306 and
836 3264 864 3308 to
874 3257 915 3306 the
923 3257 1046 3307 doctrines
1055 3257 1083 3306 of
1092 3258 1134 3307 the
1146 3258 1210 3306 New
1221 3258 1351 3321 Academy
1361 3258 1415 3320 (In-

212 3325 330 3387 secondly
341 3323 401 3373 with
413 3323 643 3388 appropriateness.’
668 3327 693 3374 A
698 3325 766 3373 ΕΗ
769 3341 787 3385 γ
837 3323 901 3373 trod.
915 3339 940 3387 p.
954 3325 1005 3383 πο),
1017 3323 1063 3372 but
1078 3324 1159 3373 rather
1171 3331 1197 3373 to
1209 3323 1251 3372 the
1261 3324 1338 3372 wider
1350 3323 1416 3372 class

212 3391 271 3440 read
288 3388 421 3454 ‘cumque'
439 3390 479 3438 lor
491 3392 562 3438 ‘cum
578 3389 609 3439 de
620 3407 625 3439 :
636 3389 642 3410 ¹
660 3391 701 3439 the
716 3390 788 3439 latter
837 3388 867 3437 os
874 3388 917 3438 the
930 3388 1043 3452 ‘politici
1061 3386 1220 3454 philosophi’
1232 3388 1261 3437 of
1271 3393 1351 3452 5109,
1365 3388 1416 3436 and

212 3456 282 3506 word
293 3457 315 3504 is
326 3457 392 3520 quite
408 3471 541 3518 necessary,
554 3456 604 3504 and
615 3471 652 3504 we
664 3470 721 3518 may
732 3471 787 3519 pro·
837 3454 902 3502 their
912 3455 1019 3518 practice
1031 3453 1060 3502 os
1070 3454 1209 3517 discussing
1219 3455 1329 3503 abstract
1341 3469 1415 3518 ques·

212 3523 289 3585 bably
306 3521 393 3584 regard
412 3519 505 3585 ‘-que'
518 3537 545 3569 as
562 3521 662 3585 coming
678 3521 704 3568 in
720 3536 787 3568 error
837 3519 903 3569 tious
914 3518 979 3568 from
990 3519 1068 3578 either
1079 3519 1140 3568 side.

212 3587 277 3636 from
290 3586 364 3636 ‘de’t
377 3586 445 3635 there
456 3601 533 3634 seems
542 3588 651 3635 tobeno
662 3585 788 3648 authority
872 3598 909 3634 11.
934 3589 966 3633 in
995 3600 1051 3642 qua
1072 3600 1134 3648 goes
1160 3583 1224 3634 with
1252 3587 1415 3634 ‘consumere

213 3653 252 3702 lor
264 3657 382 3716 ‘eumque
393 3649 441 3711 de,'
452 3667 480 3699 as
496 3651 551 3699 Pid.
563 3652 612 3701 and
629 3652 708 3701 Harn.
720 3651 787 3707 read,
838 3647 960 3699 aetatem!

212 3717 274 3768 with
285 3719 326 3767 the
338 3716 407 3765 older
418 3717 473 3764 edd.
870 3719 958 3764 velim
974 3718 1021 3775 sit,
1035 3715 1063 3764 ‘1
1079 3714 1171 3764 should
1181 3715 1213 3764 be
1224 3713 1284 3779 glad
1298 3721 1326 3765 to
1340 3714 1415 3764 think

249 3799 271 3834 a.
287 3787 422 3840 quattuor
433 3785 532 3842 partis,
545 3787 558 3841 5
572 3793 611 3846 37.
837 3779 905 3831 true?

247 3862 269 3909 3.
281 3852 384 3905 utipse
396 3851 517 3896 dicebas.
540 3849 577 3896 M
580 3847 642 3896 omit
656 3844 786 3907 ‘dicebas,’
871 3861 960 3906 saepe,
975 3850 1004 3904 55
1018 3843 1058 3906 86,
1073 3858 1126 3906 123.

213 3930 229 3964 a
240 3913 342 3977 reading
353 3913 434 3962 which
448 3912 534 3976 Stangl
546 3912 595 3961 and
608 3913 687 3960 Ham.
700 3913 787 3976 adopt,
874 3925 912 3973 13.
931 3926 1054 3971 cernere,
1069 3916 1080 3969 5
1093 3924 1148 3972 124.

212 3979 359 4042 translating
372 3979 515 4027 ‘measured
529 3979 561 4040 by
573 3993 634 4041 your
645 3977 787 4041 experience
874 3990 910 4039 14
929 3979 1057 4037 spissius,
1071 3976 1097 4025 ii.
1111 3989 1167 4037 213,
1184 3977 1216 4024 ‘a
1232 3975 1308 4026 much
1324 3975 1417 4026 slower

213 4045 263 4095 and
276 4042 368 4108 usage,‘
381 4060 397 4092 a
408 4044 489 4092 rather
499 4042 583 4092 forced
594 4043 747 4104 translation,
760 4050 787 4092 to
838 4041 966 4090 business.’

212 4110 296 4159 which
313 4110 326 4158 I
342 4110 417 4158 know
432 4125 465 4157 no
481 4108 585 4172 parallel
607 4108 726 4173 (literally
744 4112 787 4156 ‘as
873 4107 910 4158 16.
929 4109 1101 4166 disputandi,
1116 4110 1196 4168 §107.

213 4176 289 4239 being
300 4172 423 4238 yourself,'
435 4189 474 4238 cp.
484 4182 542 4223 note
553 4191 585 4223 on
596 4175 623 4222 ii.
635 4173 669 4236 2),
683 4174 732 4222 and
743 4181 787 4222 not
873 4174 909 4221 18.
922 4173 1113 4235 negasti,§89.
1142 4170 1317 4236 Caesarkeeps
1328 4188 1363 4237 up
1376 4172 1417 4221 his

213 4247 241 4290 to
248 4241 279 4288 be
287 4241 397 4304 adopted
406 4241 431 4288 in
440 4240 502 4288 view
508 4238 537 4288 of
542 4239 584 4288 the
592 4246 704 4289 constant
713 4239 787 4287 omis·
837 4236 962 4287 character
973 4253 1001 4286 as
1012 4254 1027 4286 a
1039 4238 1089 4286 wit.

212 4307 280 4356 sions
295 4307 319 4354 in
331 4307 371 4355 M.
405 4306 435 4354 In
455 4310 467 4364 5
485 4317 528 4365 141
544 4307 597 4367 Αγ
611 4305 674 4353 omit
690 4304 786 4368 agendi.
873 4317 910 4350 21.
928 4307 1042 4374 nostris,
1059 4303 1103 4351 i.e.
1118 4301 1160 4350 the
1177 4301 1277 4350 Roman
1294 4303 1418 4366 practical

213 4373 261 4436 Cp.
275 4376 287 4430 5
301 4371 342 4432 48.
838 4367 984 4432 knowledge
996 4368 1046 4416 and
1056 4368 1125 4431 good
1137 4382 1213 4428 sense,
1226 4383 1254 4416 as
1264 4369 1377 4432 opposed
1388 4376 1417 4420 to

248 4450 286 4485 ιο.
297 4438 487 4500 Academiam,
503 4441 554 4494 not,
567 4435 580 4482 I
592 4433 671 4493 think,
684 4450 711 4482 as
725 4433 787 4494 Plu,
839 4432 921 4483 Greek
932 4433 1047 4485 theories
