<?xml version="1.0" encoding="UTF-8"?>
<!DOCTYPE html PUBLIC "-//W3C//DTD XHTML 1.0 Transitional//EN"
    "http://www.w3.org/TR/xhtml1/DTD/xhtml1-transitional.dtd">
<html xmlns="http://www.w3.org/1999/xhtml" xml:lang="en" lang="en">
 <head>
  <title>
</title>
<meta http-equiv="Content-Type" content="text/html;charset=utf-8" />
  <meta name='ocr-system' content='tesseract 3.04.00' />
  <meta name='ocr-capabilities' content='ocr_page ocr_carea ocr_par ocr_line ocrx_word'/>
</head>
<body>
  <div class='ocr_page' id='page_1' title='image "./mtulliciceronis00wilkgoog_0130.png"; bbox 0 0 3046 5040; ppageno 0'>
   <div class='ocr_carea' id='block_1_1' title="bbox 519 324 919 389">
    <p class='ocr_par' dir='ltr' id='par_1_1' title="bbox 519 324 919 389">
     <span class='ocr_line' id='line_1_1' title="bbox 519 324 919 389; baseline 0.008 -3"><span class='ocrx_word' id='word_1_1' title='bbox 519 325 588 386; x_wconf 87' lang='lat' dir='ltr'>DE</span> <span class='ocrx_word' id='word_1_2' title='bbox 610 325 696 386; x_wconf 80' lang='lat' dir='ltr'>ORA</span> <span class='ocrx_word' id='word_1_3' title='bbox 705 325 831 386; x_wconf 83' lang='lat' dir='ltr'><em>TORE</em></span> <span class='ocrx_word' id='word_1_4' title='bbox 849 324 919 389; x_wconf 91' lang='lat' dir='ltr'>III.</span> 
     </span>
    </p>
   </div>
   <div class='ocr_carea' id='block_1_2' title="bbox 1257 344 1318 408">
    <p class='ocr_par' dir='ltr' id='par_1_2' title="bbox 1257 344 1318 408">
     <span class='ocr_line' id='line_1_2' title="bbox 1257 344 1318 408; baseline 0 -19"><span class='ocrx_word' id='word_1_5' title='bbox 1257 344 1318 408; x_wconf 91' lang='lat'>119</span> 
     </span>
    </p>
   </div>
   <div class='ocr_carea' id='block_1_3' title="bbox 42 495 1319 892">
    <p class='ocr_par' dir='ltr' id='par_1_3' title="bbox 42 495 1319 892">
     <span class='ocr_line' id='line_1_3' title="bbox 120 495 1318 579; baseline -0.002 -17"><span class='ocrx_word' id='word_1_6' title='bbox 120 498 237 562; x_wconf 88' lang='lat' dir='ltr'>eadem</span> <span class='ocrx_word' id='word_1_7' title='bbox 258 495 358 561; x_wconf 90' lang='lat' dir='ltr'>verba</span> <span class='ocrx_word' id='word_1_8' title='bbox 382 496 525 579; x_wconf 89' lang='lat' dir='ltr'>impetus</span> <span class='ocrx_word' id='word_1_9' title='bbox 548 506 581 560; x_wconf 90' lang='lat' dir='ltr'>et</span> <span class='ocrx_word' id='word_1_10' title='bbox 604 497 773 562; x_wconf 88' lang='lat' dir='ltr'>concursio</span> <span class='ocrx_word' id='word_1_11' title='bbox 792 506 824 560; x_wconf 89' lang='lat' dir='ltr'>et</span> <span class='ocrx_word' id='word_1_12' title='bbox 846 495 1013 560; x_wconf 89' lang='lat' dir='ltr'>adiunctio</span> <span class='ocrx_word' id='word_1_13' title='bbox 1035 505 1070 560; x_wconf 90' lang='lat' dir='ltr'>et</span> <span class='ocrx_word' id='word_1_14' title='bbox 1085 496 1269 579; x_wconf 86' lang='lat' dir='ltr'>progressio</span> <span class='ocrx_word' id='word_1_15' title='bbox 1284 505 1318 560; x_wconf 93' lang='lat' dir='ltr'>et</span> 
     </span>
     <span class='ocr_line' id='line_1_4' title="bbox 42 585 1319 683; baseline -0.003 -17"><span class='ocrx_word' id='word_1_16' title='bbox 42 585 46 591; x_wconf 47' lang='grc'><strong>’</strong></span> <span class='ocrx_word' id='word_1_17' title='bbox 120 603 268 667; x_wconf 87' lang='lat' dir='ltr'>eiusdem</span> <span class='ocrx_word' id='word_1_18' title='bbox 288 601 380 664; x_wconf 90' lang='lat' dir='ltr'>verbi</span> <span class='ocrx_word' id='word_1_19' title='bbox 405 601 548 664; x_wconf 90' lang='lat' dir='ltr'>crebrius</span> <span class='ocrx_word' id='word_1_20' title='bbox 573 601 673 682; x_wconf 92' lang='lat' dir='ltr'>positi</span> <span class='ocrx_word' id='word_1_21' title='bbox 698 602 862 683; x_wconf 86' lang='lat' dir='ltr'>quaedam</span> <span class='ocrx_word' id='word_1_22' title='bbox 890 599 1059 664; x_wconf 90' lang='lat' dir='ltr'>distinctio</span> <span class='ocrx_word' id='word_1_23' title='bbox 1089 607 1123 662; x_wconf 93' lang='lat' dir='ltr'>et</span> <span class='ocrx_word' id='word_1_24' title='bbox 1153 599 1319 665; x_wconf 84' lang='lat' dir='ltr'>revocatio</span> 
     </span>
     <span class='ocr_line' id='line_1_5' title="bbox 119 702 1318 787; baseline -0.004 -18"><span class='ocrx_word' id='word_1_25' title='bbox 119 706 210 769; x_wconf 89' lang='lat' dir='ltr'>verbi</span> <span class='ocrx_word' id='word_1_26' title='bbox 233 716 267 769; x_wconf 93' lang='lat' dir='ltr'>et</span> <span class='ocrx_word' id='word_1_27' title='bbox 286 703 351 782; x_wconf 88' lang='lat' dir='ltr'>illa,</span> <span class='ocrx_word' id='word_1_28' title='bbox 373 725 459 787; x_wconf 90' lang='lat' dir='ltr'>quae</span> <span class='ocrx_word' id='word_1_29' title='bbox 481 702 632 768; x_wconf 89' lang='lat' dir='ltr'>similiter</span> <span class='ocrx_word' id='word_1_30' title='bbox 654 704 810 768; x_wconf 91' lang='lat' dir='ltr'>desinunt</span> <span class='ocrx_word' id='word_1_31' title='bbox 834 712 892 767; x_wconf 92' lang='lat' dir='ltr'>aut</span> <span class='ocrx_word' id='word_1_32' title='bbox 915 724 1000 786; x_wconf 90' lang='lat' dir='ltr'>quae</span> <span class='ocrx_word' id='word_1_33' title='bbox 1024 705 1145 767; x_wconf 89' lang='lat' dir='ltr'>cadunt</span> <span class='ocrx_word' id='word_1_34' title='bbox 1168 703 1318 766; x_wconf 88' lang='lat' dir='ltr'>similiter</span> 
     </span>
     <span class='ocr_line' id='line_1_6' title="bbox 119 792 1318 892; baseline -0.004 -18"><span class='ocrx_word' id='word_1_35' title='bbox 119 820 178 874; x_wconf 90' lang='lat' dir='ltr'>aut</span> <span class='ocrx_word' id='word_1_36' title='bbox 193 829 278 891; x_wconf 90' lang='lat' dir='ltr'>quae</span> <span class='ocrx_word' id='word_1_37' title='bbox 294 807 427 892; x_wconf 87' lang='lat' dir='ltr'>paribus</span> <span class='ocrx_word' id='word_1_38' title='bbox 442 808 535 889; x_wconf 88' lang='lat' dir='ltr'>paria</span> <span class='ocrx_word' id='word_1_39' title='bbox 555 792 738 872; x_wconf 86' lang='lat' dir='ltr'>referuntur</span> <span class='ocrx_word' id='word_1_40' title='bbox 757 817 816 870; x_wconf 89' lang='lat' dir='ltr'>aut</span> <span class='ocrx_word' id='word_1_41' title='bbox 836 827 921 888; x_wconf 92' lang='lat' dir='ltr'>quae</span> <span class='ocrx_word' id='word_1_42' title='bbox 941 815 1019 869; x_wconf 92' lang='lat' dir='ltr'>sunt</span> <span class='ocrx_word' id='word_1_43' title='bbox 1035 807 1120 870; x_wconf 89' lang='lat' dir='ltr'>inter</span> <span class='ocrx_word' id='word_1_44' title='bbox 1134 827 1171 870; x_wconf 92' lang='lat' dir='ltr'>se</span> <span class='ocrx_word' id='word_1_45' title='bbox 1188 807 1318 871; x_wconf 88' lang='lat' dir='ltr'>similia.</span> 
     </span>
    </p>
   </div>
   <div class='ocr_carea' id='block_1_4' title="bbox 114 967 693 4496">
    <p class='ocr_par' dir='ltr' id='par_1_4' title="bbox 114 967 693 1818">
     <span class='ocr_line' id='line_1_7' title="bbox 114 967 688 1034; baseline -0.003 -15"><span class='ocrx_word' id='word_1_46' title='bbox 114 970 219 1034; x_wconf 83' lang='lat' dir='ltr'>plexio).</span> <span class='ocrx_word' id='word_1_47' title='bbox 241 985 271 1017; x_wconf 92' lang='lat' dir='ltr'>or</span> <span class='ocrx_word' id='word_1_48' title='bbox 291 967 409 1029; x_wconf 72' lang='grc' dir='ltr'>κοινότης,</span> <span class='ocrx_word' id='word_1_49' title='bbox 433 978 508 1018; x_wconf 91' lang='lat' dir='ltr'>terms</span> <span class='ocrx_word' id='word_1_50' title='bbox 531 967 612 1017; x_wconf 81' lang='lat' dir='ltr'><strong>which</strong></span> <span class='ocrx_word' id='word_1_51' title='bbox 635 969 688 1017; x_wconf 88' lang='lat' dir='ltr'>Cic.</span> 
     </span>
     <span class='ocr_line' id='line_1_8' title="bbox 120 1034 692 1099; baseline -0.003 -15"><span class='ocrx_word' id='word_1_52' title='bbox 120 1035 293 1099; x_wconf 83' lang='lat' dir='ltr'>inadequately</span> <span class='ocrx_word' id='word_1_53' title='bbox 314 1034 461 1098; x_wconf 89' lang='lat' dir='ltr'>reprodnces</span> <span class='ocrx_word' id='word_1_54' title='bbox 483 1035 515 1096; x_wconf 87' lang='lat' dir='ltr'>by</span> <span class='ocrx_word' id='word_1_55' title='bbox 536 1037 568 1082; x_wconf 89' lang='lat' dir='ltr'>in</span> <span class='ocrx_word' id='word_1_56' title='bbox 594 1038 692 1082; x_wconf 83' lang='lat' dir='ltr'>endem</span> 
     </span>
     <span class='ocr_line' id='line_1_9' title="bbox 119 1100 693 1162; baseline -0.005 -13"><span class='ocrx_word' id='word_1_57' title='bbox 119 1106 207 1149; x_wconf 83' lang='lat' dir='ltr'>verbe</span> <span class='ocrx_word' id='word_1_58' title='bbox 214 1104 337 1156; x_wconf 87' lang='lat' dir='ltr'>impetus</span> <span class='ocrx_word' id='word_1_59' title='bbox 346 1105 375 1148; x_wconf 87' lang='lat' dir='ltr'>et</span> <span class='ocrx_word' id='word_1_60' title='bbox 384 1103 540 1159; x_wconf 73' lang='lat' dir='ltr'>concursio,</span> <span class='ocrx_word' id='word_1_61' title='bbox 553 1103 580 1147; x_wconf 85' lang='lat' dir='ltr'>‘a</span> <span class='ocrx_word' id='word_1_62' title='bbox 589 1100 693 1162; x_wconf 87' lang='lat' dir='ltr'>starting</span> 
     </span>
     <span class='ocr_line' id='line_1_10' title="bbox 120 1164 692 1228; baseline -0.005 -13"><span class='ocrx_word' id='word_1_63' title='bbox 120 1166 179 1215; x_wconf 93' lang='lat' dir='ltr'>with</span> <span class='ocrx_word' id='word_1_64' title='bbox 191 1167 232 1215; x_wconf 92' lang='lat' dir='ltr'>the</span> <span class='ocrx_word' id='word_1_65' title='bbox 242 1181 309 1213; x_wconf 86' lang='lat' dir='ltr'>same</span> <span class='ocrx_word' id='word_1_66' title='bbox 321 1165 402 1212; x_wconf 89' lang='lat' dir='ltr'>words</span> <span class='ocrx_word' id='word_1_67' title='bbox 411 1166 459 1213; x_wconf 88' lang='lat' dir='ltr'>and</span> <span class='ocrx_word' id='word_1_68' title='bbox 471 1165 495 1213; x_wconf 90' lang='lat' dir='ltr'>cl</span> <span class='ocrx_word' id='word_1_69' title='bbox 525 1165 569 1228; x_wconf 91' lang='lat' dir='ltr'>ing</span> <span class='ocrx_word' id='word_1_70' title='bbox 579 1164 639 1212; x_wconf 86' lang='lat' dir='ltr'>with</span> <span class='ocrx_word' id='word_1_71' title='bbox 650 1164 692 1213; x_wconf 74' lang='lat' dir='ltr'>ibe</span> 
     </span>
     <span class='ocr_line' id='line_1_11' title="bbox 119 1229 692 1292; baseline -0.009 -11"><span class='ocrx_word' id='word_1_72' title='bbox 119 1229 203 1291; x_wconf 85' lang='lat' dir='ltr'>same,’</span> <span class='ocrx_word' id='word_1_73' title='bbox 216 1247 231 1279; x_wconf 90' lang='lat' dir='ltr'>a</span> <span class='ocrx_word' id='word_1_74' title='bbox 242 1247 310 1279; x_wconf 89' lang='lat' dir='ltr'>sense</span> <span class='ocrx_word' id='word_1_75' title='bbox 319 1229 400 1279; x_wconf 88' lang='lat' dir='ltr'>which</span> <span class='ocrx_word' id='word_1_76' title='bbox 411 1230 431 1278; x_wconf 91' lang='lat' dir='ltr'>it</span> <span class='ocrx_word' id='word_1_77' title='bbox 442 1230 509 1278; x_wconf 89' lang='lat' dir='ltr'>woul</span> <span class='ocrx_word' id='word_1_78' title='bbox 539 1229 692 1292; x_wconf 84' lang='lat' dir='ltr'>confessedly</span> 
     </span>
     <span class='ocr_line' id='line_1_12' title="bbox 121 1294 690 1347; baseline -0.004 -1"><span class='ocrx_word' id='word_1_79' title='bbox 121 1298 151 1347; x_wconf 92' lang='lat' dir='ltr'>be</span> <span class='ocrx_word' id='word_1_80' title='bbox 169 1296 231 1345; x_wconf 89' lang='lat' dir='ltr'>hard</span> <span class='ocrx_word' id='word_1_81' title='bbox 251 1304 278 1344; x_wconf 93' lang='lat' dir='ltr'>to</span> <span class='ocrx_word' id='word_1_82' title='bbox 297 1301 390 1344; x_wconf 85' lang='lat' dir='ltr'>extract</span> <span class='ocrx_word' id='word_1_83' title='bbox 407 1295 451 1344; x_wconf 90' lang='lat' dir='ltr'>but</span> <span class='ocrx_word' id='word_1_84' title='bbox 468 1295 507 1344; x_wconf 83' lang='lat' dir='ltr'>t&#39;or</span> <span class='ocrx_word' id='word_1_85' title='bbox 517 1294 558 1344; x_wconf 78' lang='lat' dir='ltr'>ibe</span> <span class='ocrx_word' id='word_1_86' title='bbox 575 1302 690 1344; x_wconf 86' lang='lat' dir='ltr'>context:</span> 
     </span>
     <span class='ocr_line' id='line_1_13' title="bbox 119 1359 691 1425; baseline -0.007 -13"><span class='ocrx_word' id='word_1_87' title='bbox 119 1378 158 1425; x_wconf 92' lang='lat' dir='ltr'>cp.</span> <span class='ocrx_word' id='word_1_88' title='bbox 180 1363 275 1411; x_wconf 86' lang='lat' dir='ltr'>Emest.</span> <span class='ocrx_word' id='word_1_89' title='bbox 296 1361 354 1409; x_wconf 86' lang='lat' dir='ltr'>Lex.</span> <span class='ocrx_word' id='word_1_90' title='bbox 377 1359 454 1409; x_wconf 90' lang='lat' dir='ltr'>Tech.</span> <span class='ocrx_word' id='word_1_91' title='bbox 477 1361 531 1409; x_wconf 86' lang='lat' dir='ltr'>Lat.</span> <span class='ocrx_word' id='word_1_92' title='bbox 553 1376 578 1424; x_wconf 89' lang='lat' dir='ltr'>p.</span> <span class='ocrx_word' id='word_1_93' title='bbox 598 1362 637 1418; x_wconf 90' lang='lat'>80,</span> <span class='ocrx_word' id='word_1_94' title='bbox 659 1360 691 1408; x_wconf 92' lang='lat' dir='ltr'>ad</span> 
     </span>
     <span class='ocr_line' id='line_1_14' title="bbox 120 1425 691 1490; baseline -0.007 -14"><span class='ocrx_word' id='word_1_95' title='bbox 120 1427 228 1476; x_wconf 89' lang='lat' dir='ltr'>Herenn.</span> <span class='ocrx_word' id='word_1_96' title='bbox 239 1427 271 1475; x_wconf 89' lang='lat' dir='ltr'>iv.</span> <span class='ocrx_word' id='word_1_97' title='bbox 283 1440 313 1473; x_wconf 80' lang='lat' dir='ltr'>oo</span> <span class='ocrx_word' id='word_1_98' title='bbox 321 1425 475 1489; x_wconf 86' lang='lat' dir='ltr'>‘complexio</span> <span class='ocrx_word' id='word_1_99' title='bbox 484 1437 520 1476; x_wconf 87' lang='lat' dir='ltr'>est</span> <span class='ocrx_word' id='word_1_100' title='bbox 529 1440 592 1490; x_wconf 87' lang='lat' dir='ltr'>quae</span> <span class='ocrx_word' id='word_1_101' title='bbox 600 1433 691 1473; x_wconf 90' lang='lat' dir='ltr'>utram·</span> 
     </span>
     <span class='ocr_line' id='line_1_15' title="bbox 118 1490 692 1557; baseline -0.005 -16"><span class='ocrx_word' id='word_1_102' title='bbox 118 1508 166 1557; x_wconf 88' lang='lat' dir='ltr'>que</span> <span class='ocrx_word' id='word_1_103' title='bbox 191 1491 365 1556; x_wconf 87' lang='lat' dir='ltr'>complectitur</span> <span class='ocrx_word' id='word_1_104' title='bbox 389 1492 574 1540; x_wconf 83' lang='lat' dir='ltr'>exornationem</span> <span class='ocrx_word' id='word_1_105' title='bbox 587 1527 593 1539; x_wconf 94' lang='lat'>.</span> <span class='ocrx_word' id='word_1_106' title='bbox 606 1527 613 1540; x_wconf 87' lang='lat'>.</span> <span class='ocrx_word' id='word_1_107' title='bbox 625 1527 631 1539; x_wconf 93' lang='lat'>.</span> <span class='ocrx_word' id='word_1_108' title='bbox 644 1490 692 1539; x_wconf 89' lang='lat' dir='ltr'>hoc</span> 
     </span>
     <span class='ocr_line' id='line_1_16' title="bbox 120 1556 691 1631; baseline -0.007 -24"><span class='ocrx_word' id='word_1_109' title='bbox 120 1558 211 1607; x_wconf 85' lang='lat' dir='ltr'>modo:</span> <span class='ocrx_word' id='word_1_110' title='bbox 234 1557 284 1619; x_wconf 90' lang='lat' dir='ltr'>Qui</span> <span class='ocrx_word' id='word_1_111' title='bbox 304 1564 360 1605; x_wconf 89' lang='lat' dir='ltr'>sunt</span> <span class='ocrx_word' id='word_1_112' title='bbox 380 1557 422 1631; x_wconf 91' lang='lat' dir='ltr'>qui</span> <span class='ocrx_word' id='word_1_113' title='bbox 442 1556 542 1606; x_wconf 77' lang='lat' dir='ltr'>foedera</span> <span class='ocrx_word' id='word_1_114' title='bbox 560 1571 633 1620; x_wconf 80' lang='lat' dir='ltr'>saepe</span> <span class='ocrx_word' id='word_1_115' title='bbox 652 1571 691 1603; x_wconf 91' lang='lat' dir='ltr'>ru-</span> 
     </span>
     <span class='ocr_line' id='line_1_17' title="bbox 120 1621 691 1688; baseline -0.007 -16"><span class='ocrx_word' id='word_1_116' title='bbox 120 1625 226 1688; x_wconf 86' lang='lat' dir='ltr'>peruutl</span> <span class='ocrx_word' id='word_1_117' title='bbox 249 1622 484 1684; x_wconf 84' lang='lat' dir='ltr'>Karthaginiensesl</span> <span class='ocrx_word' id='word_1_118' title='bbox 505 1621 555 1684; x_wconf 89' lang='lat' dir='ltr'>Qui</span> <span class='ocrx_word' id='word_1_119' title='bbox 573 1629 629 1669; x_wconf 92' lang='lat' dir='ltr'>sunt</span> <span class='ocrx_word' id='word_1_120' title='bbox 648 1621 691 1684; x_wconf 89' lang='lat' dir='ltr'>qni</span> 
     </span>
     <span class='ocr_line' id='line_1_18' title="bbox 118 1685 691 1749; baseline -0.003 -12"><span class='ocrx_word' id='word_1_121' title='bbox 118 1688 286 1738; x_wconf 80' lang='lat' dir='ltr'>crudelissime</span> <span class='ocrx_word' id='word_1_122' title='bbox 303 1686 396 1737; x_wconf 89' lang='lat' dir='ltr'>bellum</span> <span class='ocrx_word' id='word_1_123' title='bbox 412 1687 554 1749; x_wconf 79' lang='lat' dir='ltr'>gessemntl</span> <span class='ocrx_word' id='word_1_124' title='bbox 584 1685 691 1735; x_wconf 87' lang='lat' dir='ltr'>Kartha-</span> 
     </span>
     <span class='ocr_line' id='line_1_19' title="bbox 118 1751 315 1818; baseline 0 -16"><span class='ocrx_word' id='word_1_125' title='bbox 118 1751 315 1818; x_wconf 74' lang='lat' dir='ltr'>giniensea&#39;etc.</span> 
     </span>
    </p>

    <p class='ocr_par' dir='ltr' id='par_1_5' title="bbox 116 1818 693 3838">
     <span class='ocr_line' id='line_1_20' title="bbox 154 1818 692 1881; baseline -0.002 -15"><span class='ocrx_word' id='word_1_126' title='bbox 154 1834 176 1868; x_wconf 91' lang='lat'>1.</span> <span class='ocrx_word' id='word_1_127' title='bbox 193 1821 339 1868; x_wconf 85' lang='lat' dir='ltr'>adiunctio</span> <span class='ocrx_word' id='word_1_128' title='bbox 360 1820 412 1867; x_wconf 87' lang='lat' dir='ltr'>‘est</span> <span class='ocrx_word' id='word_1_129' title='bbox 434 1833 491 1867; x_wconf 88' lang='lat' dir='ltr'>cum</span> <span class='ocrx_word' id='word_1_130' title='bbox 513 1818 622 1872; x_wconf 87' lang='lat' dir='ltr'>verbum,</span> <span class='ocrx_word' id='word_1_131' title='bbox 641 1832 692 1881; x_wconf 90' lang='lat' dir='ltr'>quo</span> 
     </span>
     <span class='ocr_line' id='line_1_21' title="bbox 119 1883 692 1948; baseline -0.003 -15"><span class='ocrx_word' id='word_1_132' title='bbox 119 1900 157 1933; x_wconf 90' lang='lat' dir='ltr'>res</span> <span class='ocrx_word' id='word_1_133' title='bbox 168 1883 389 1948; x_wconf 87' lang='lat' dir='ltr'>comprehenditur,</span> <span class='ocrx_word' id='word_1_134' title='bbox 402 1898 450 1931; x_wconf 90' lang='lat' dir='ltr'>non</span> <span class='ocrx_word' id='word_1_135' title='bbox 463 1883 692 1946; x_wconf 83' lang='lat' dir='ltr'>interponimnssed</span> 
     </span>
     <span class='ocr_line' id='line_1_22' title="bbox 118 1945 691 2014; baseline -0.009 -14"><span class='ocrx_word' id='word_1_136' title='bbox 118 1958 161 2001; x_wconf 84' lang='lat' dir='ltr'>aut</span> <span class='ocrx_word' id='word_1_137' title='bbox 177 1950 284 2014; x_wconf 82' lang='lat' dir='ltr'>primum</span> <span class='ocrx_word' id='word_1_138' title='bbox 301 1958 343 1998; x_wconf 91' lang='lat' dir='ltr'>aut</span> <span class='ocrx_word' id='word_1_139' title='bbox 358 1956 510 2012; x_wconf 89' lang='lat' dir='ltr'>postremum</span> <span class='ocrx_word' id='word_1_140' title='bbox 522 1945 691 2006; x_wconf 88' lang='lat' dir='ltr'>collocamus‚&#39;</span> 
     </span>
     <span class='ocr_line' id='line_1_23' title="bbox 119 2013 691 2078; baseline -0.007 -14"><span class='ocrx_word' id='word_1_141' title='bbox 119 2015 151 2064; x_wconf 87' lang='lat' dir='ltr'>ad</span> <span class='ocrx_word' id='word_1_142' title='bbox 164 2016 226 2064; x_wconf 90' lang='lat' dir='ltr'>Her.</span> <span class='ocrx_word' id='word_1_143' title='bbox 237 2015 269 2063; x_wconf 89' lang='lat' dir='ltr'>iv.</span> <span class='ocrx_word' id='word_1_144' title='bbox 282 2015 320 2074; x_wconf 83' lang='lat'>38.</span> <span class='ocrx_word' id='word_1_145' title='bbox 354 2015 409 2064; x_wconf 88' lang='lat' dir='ltr'>The</span> <span class='ocrx_word' id='word_1_146' title='bbox 425 2013 552 2078; x_wconf 84' lang='lat' dir='ltr'>examples</span> <span class='ocrx_word' id='word_1_147' title='bbox 566 2013 638 2076; x_wconf 83' lang='lat' dir='ltr'>given</span> <span class='ocrx_word' id='word_1_148' title='bbox 650 2028 691 2061; x_wconf 92' lang='lat' dir='ltr'>are</span> 
     </span>
     <span class='ocr_line' id='line_1_24' title="bbox 121 2079 691 2143; baseline -0.007 -14"><span class='ocrx_word' id='word_1_149' title='bbox 121 2079 274 2129; x_wconf 88' lang='lat' dir='ltr'>‘deflorescit</span> <span class='ocrx_word' id='word_1_150' title='bbox 293 2080 388 2128; x_wconf 78' lang='lat' dir='ltr'>formae</span> <span class='ocrx_word' id='word_1_151' title='bbox 408 2079 516 2143; x_wconf 85' lang='lat' dir='ltr'>dignitas</span> <span class='ocrx_word' id='word_1_152' title='bbox 538 2086 581 2127; x_wconf 87' lang='lat' dir='ltr'>aut</span> <span class='ocrx_word' id='word_1_153' title='bbox 603 2079 691 2126; x_wconf 88' lang='lat' dir='ltr'>morbo</span> 
     </span>
     <span class='ocr_line' id='line_1_25' title="bbox 118 2143 692 2195; baseline -0.007 -1"><span class='ocrx_word' id='word_1_154' title='bbox 118 2154 161 2195; x_wconf 88' lang='lat' dir='ltr'>aut</span> <span class='ocrx_word' id='word_1_155' title='bbox 172 2143 307 2194; x_wconf 86' lang='lat' dir='ltr'>vetustate&#39;</span> <span class='ocrx_word' id='word_1_156' title='bbox 321 2145 370 2193; x_wconf 88' lang='lat' dir='ltr'>and</span> <span class='ocrx_word' id='word_1_157' title='bbox 384 2149 441 2194; x_wconf 87' lang='lat' dir='ltr'>‘aut</span> <span class='ocrx_word' id='word_1_158' title='bbox 458 2145 547 2193; x_wconf 91' lang='lat' dir='ltr'>morbo</span> <span class='ocrx_word' id='word_1_159' title='bbox 558 2151 600 2192; x_wconf 87' lang='lat' dir='ltr'>ant</span> <span class='ocrx_word' id='word_1_160' title='bbox 611 2151 692 2191; x_wconf 88' lang='lat' dir='ltr'>vetus·</span> 
     </span>
     <span class='ocr_line' id='line_1_26' title="bbox 118 2207 692 2274; baseline -0.007 -14"><span class='ocrx_word' id='word_1_161' title='bbox 118 2219 169 2261; x_wconf 84' lang='lat' dir='ltr'>tate</span> <span class='ocrx_word' id='word_1_162' title='bbox 186 2211 279 2259; x_wconf 83' lang='lat' dir='ltr'>formae</span> <span class='ocrx_word' id='word_1_163' title='bbox 296 2210 406 2274; x_wconf 86' lang='lat' dir='ltr'>dignitas</span> <span class='ocrx_word' id='word_1_164' title='bbox 422 2207 575 2259; x_wconf 81' lang='lat' dir='ltr'>deflorescit&#39;</span> <span class='ocrx_word' id='word_1_165' title='bbox 609 2209 635 2256; x_wconf 84' lang='grc' dir='ltr'><strong><em>Π</em></strong></span> <span class='ocrx_word' id='word_1_166' title='bbox 642 2207 692 2256; x_wconf 91' lang='lat' dir='ltr'>this</span> 
     </span>
     <span class='ocr_line' id='line_1_27' title="bbox 118 2274 691 2335; baseline -0.007 -9"><span class='ocrx_word' id='word_1_167' title='bbox 118 2276 140 2325; x_wconf 88' lang='lat' dir='ltr'>is</span> <span class='ocrx_word' id='word_1_168' title='bbox 162 2276 219 2326; x_wconf 87' lang='lat' dir='ltr'>here</span> <span class='ocrx_word' id='word_1_169' title='bbox 240 2284 331 2335; x_wconf 91' lang='lat' dir='ltr'>meant,</span> <span class='ocrx_word' id='word_1_170' title='bbox 355 2277 375 2324; x_wconf 86' lang='lat' dir='ltr'>it</span> <span class='ocrx_word' id='word_1_171' title='bbox 393 2275 415 2323; x_wconf 88' lang='lat' dir='ltr'>is</span> <span class='ocrx_word' id='word_1_172' title='bbox 435 2274 552 2324; x_wconf 86' lang='lat' dir='ltr'>identical</span> <span class='ocrx_word' id='word_1_173' title='bbox 569 2274 631 2322; x_wconf 88' lang='lat' dir='ltr'>with</span> <span class='ocrx_word' id='word_1_174' title='bbox 650 2274 691 2322; x_wconf 89' lang='lat' dir='ltr'>the</span> 
     </span>
     <span class='ocr_line' id='line_1_28' title="bbox 118 2339 693 2403; baseline -0.007 -13"><span class='ocrx_word' id='word_1_175' title='bbox 118 2339 293 2403; x_wconf 69' lang='lat' dir='ltr'>lussevypivov</span> <span class='ocrx_word' id='word_1_176' title='bbox 311 2341 340 2389; x_wconf 82' lang='lat' dir='ltr'>oi</span> <span class='ocrx_word' id='word_1_177' title='bbox 355 2340 438 2403; x_wconf 89' lang='lat' dir='ltr'>Quint.</span> <span class='ocrx_word' id='word_1_178' title='bbox 459 2341 492 2389; x_wconf 86' lang='lat' dir='ltr'>ix.</span> <span class='ocrx_word' id='word_1_179' title='bbox 510 2353 533 2400; x_wconf 83' lang='lat'>3,</span> <span class='ocrx_word' id='word_1_180' title='bbox 548 2339 578 2388; x_wconf 87' lang='lat'>62</span> <span class='ocrx_word' id='word_1_181' title='bbox 592 2339 693 2403; x_wconf 84' lang='lat' dir='ltr'>‘inqua</span> 
     </span>
     <span class='ocr_line' id='line_1_29' title="bbox 118 2403 691 2470; baseline -0.009 -14"><span class='ocrx_word' id='word_1_182' title='bbox 118 2423 194 2456; x_wconf 89' lang='lat' dir='ltr'>unum</span> <span class='ocrx_word' id='word_1_183' title='bbox 212 2406 245 2455; x_wconf 85' lang='lat' dir='ltr'>ad</span> <span class='ocrx_word' id='word_1_184' title='bbox 261 2408 361 2455; x_wconf 91' lang='lat' dir='ltr'>verbum</span> <span class='ocrx_word' id='word_1_185' title='bbox 381 2405 464 2470; x_wconf 87' lang='lat' dir='ltr'>plures</span> <span class='ocrx_word' id='word_1_186' title='bbox 480 2405 614 2454; x_wconf 86' lang='lat' dir='ltr'>sententiae</span> <span class='ocrx_word' id='word_1_187' title='bbox 630 2403 668 2453; x_wconf 81' lang='lat' dir='ltr'>rei</span> <span class='ocrx_word' id='word_1_188' title='bbox 681 2431 691 2440; x_wconf 94' lang='lat'><em>·</em></span> 
     </span>
     <span class='ocr_line' id='line_1_30' title="bbox 118 2470 691 2535; baseline -0.005 -15"><span class='ocrx_word' id='word_1_189' title='bbox 118 2479 211 2532; x_wconf 91' lang='lat' dir='ltr'>runtur,</span> <span class='ocrx_word' id='word_1_190' title='bbox 228 2487 332 2535; x_wconf 88' lang='lat' dir='ltr'>quarum</span> <span class='ocrx_word' id='word_1_191' title='bbox 348 2487 397 2520; x_wconf 85' lang='lat' dir='ltr'>una</span> <span class='ocrx_word' id='word_1_192' title='bbox 416 2485 527 2535; x_wconf 90' lang='lat' dir='ltr'>quaeque</span> <span class='ocrx_word' id='word_1_193' title='bbox 544 2470 691 2518; x_wconf 86' lang='lat' dir='ltr'>desideraret</span> 
     </span>
     <span class='ocr_line' id='line_1_31' title="bbox 118 2535 691 2601; baseline -0.007 -15"><span class='ocrx_word' id='word_1_194' title='bbox 118 2537 189 2597; x_wconf 89' lang='lat' dir='ltr'>illud,</span> <span class='ocrx_word' id='word_1_195' title='bbox 207 2537 228 2586; x_wconf 90' lang='lat' dir='ltr'>si</span> <span class='ocrx_word' id='word_1_196' title='bbox 245 2536 300 2586; x_wconf 88' lang='lat' dir='ltr'>sola</span> <span class='ocrx_word' id='word_1_197' title='bbox 319 2544 455 2601; x_wconf 81' lang='lat' dir='ltr'>poneretur.</span> <span class='ocrx_word' id='word_1_198' title='bbox 489 2536 519 2585; x_wconf 92' lang='lat' dir='ltr'>Id</span> <span class='ocrx_word' id='word_1_199' title='bbox 538 2535 630 2585; x_wconf 87' lang='lat' dir='ltr'>accidit</span> <span class='ocrx_word' id='word_1_200' title='bbox 649 2541 691 2582; x_wconf 90' lang='lat' dir='ltr'>ant</span> 
     </span>
     <span class='ocr_line' id='line_1_32' title="bbox 118 2600 692 2668; baseline -0.003 -18"><span class='ocrx_word' id='word_1_201' title='bbox 118 2601 260 2668; x_wconf 87' lang='lat' dir='ltr'>praeposito</span> <span class='ocrx_word' id='word_1_202' title='bbox 276 2604 361 2660; x_wconf 89' lang='lat' dir='ltr'>verbo,</span> <span class='ocrx_word' id='word_1_203' title='bbox 377 2602 409 2651; x_wconf 85' lang='lat' dir='ltr'>ad</span> <span class='ocrx_word' id='word_1_204' title='bbox 425 2602 492 2666; x_wconf 93' lang='lat' dir='ltr'>quod</span> <span class='ocrx_word' id='word_1_205' title='bbox 509 2601 602 2665; x_wconf 87' lang='lat' dir='ltr'>reliqua</span> <span class='ocrx_word' id='word_1_206' title='bbox 613 2600 692 2663; x_wconf 85' lang='lat' dir='ltr'>respi-</span> 
     </span>
     <span class='ocr_line' id='line_1_33' title="bbox 117 2666 692 2732; baseline -0.01 -14"><span class='ocrx_word' id='word_1_207' title='bbox 117 2667 278 2718; x_wconf 84' lang='lat' dir='ltr'>ciunt—vicit</span> <span class='ocrx_word' id='word_1_208' title='bbox 304 2668 424 2732; x_wconf 88' lang='lat' dir='ltr'>pudorem</span> <span class='ocrx_word' id='word_1_209' title='bbox 457 2667 545 2726; x_wconf 91' lang='lat' dir='ltr'>libido,</span> <span class='ocrx_word' id='word_1_210' title='bbox 577 2666 692 2716; x_wconf 89' lang='lat' dir='ltr'>timorem</span> 
     </span>
     <span class='ocr_line' id='line_1_34' title="bbox 118 2731 691 2791; baseline -0.009 -8"><span class='ocrx_word' id='word_1_211' title='bbox 118 2733 229 2791; x_wconf 87' lang='lat' dir='ltr'>audacia,</span> <span class='ocrx_word' id='word_1_212' title='bbox 253 2733 375 2782; x_wconf 89' lang='lat' dir='ltr'>rationem</span> <span class='ocrx_word' id='word_1_213' title='bbox 398 2733 583 2782; x_wconf 87' lang='lat' dir='ltr'>amentia-ant</span> <span class='ocrx_word' id='word_1_214' title='bbox 603 2731 691 2790; x_wconf 87' lang='lat' dir='ltr'>inlato,</span> 
     </span>
     <span class='ocr_line' id='line_1_35' title="bbox 118 2796 691 2863; baseline -0.005 -16"><span class='ocrx_word' id='word_1_215' title='bbox 118 2814 169 2863; x_wconf 93' lang='lat' dir='ltr'>quo</span> <span class='ocrx_word' id='word_1_216' title='bbox 186 2798 258 2862; x_wconf 86' lang='lat' dir='ltr'>plura</span> <span class='ocrx_word' id='word_1_217' title='bbox 274 2798 515 2862; x_wconf 89' lang='lat' dir='ltr'>cluduntur-neque</span> <span class='ocrx_word' id='word_1_218' title='bbox 531 2797 599 2847; x_wconf 91' lang='lat' dir='ltr'>enim</span> <span class='ocrx_word' id='word_1_219' title='bbox 615 2796 637 2845; x_wconf 90' lang='lat' dir='ltr'>is</span> <span class='ocrx_word' id='word_1_220' title='bbox 655 2811 691 2855; x_wconf 89' lang='lat' dir='ltr'>es,</span> 
     </span>
     <span class='ocr_line' id='line_1_36' title="bbox 117 2862 691 2927; baseline -0.005 -14"><span class='ocrx_word' id='word_1_221' title='bbox 117 2864 237 2925; x_wconf 78' lang='lat' dir='ltr'>Catilina,</span> <span class='ocrx_word' id='word_1_222' title='bbox 254 2872 282 2912; x_wconf 88' lang='lat' dir='ltr'>nt</span> <span class='ocrx_word' id='word_1_223' title='bbox 298 2874 322 2912; x_wconf 88' lang='lat' dir='ltr'>te</span> <span class='ocrx_word' id='word_1_224' title='bbox 339 2870 380 2912; x_wconf 85' lang='lat' dir='ltr'>aut</span> <span class='ocrx_word' id='word_1_225' title='bbox 394 2862 475 2927; x_wconf 88' lang='lat' dir='ltr'>pudor</span> <span class='ocrx_word' id='word_1_226' title='bbox 486 2877 603 2927; x_wconf 85' lang='lat' dir='ltr'>umquam</span> <span class='ocrx_word' id='word_1_227' title='bbox 615 2878 630 2910; x_wconf 89' lang='lat' dir='ltr'>a</span> <span class='ocrx_word' id='word_1_228' title='bbox 641 2869 691 2910; x_wconf 87' lang='lat' dir='ltr'>tur·</span> 
     </span>
     <span class='ocr_line' id='line_1_37' title="bbox 118 2927 691 2994; baseline -0.007 -16"><span class='ocrx_word' id='word_1_229' title='bbox 118 2928 238 2994; x_wconf 89' lang='lat' dir='ltr'>pitudine,</span> <span class='ocrx_word' id='word_1_230' title='bbox 255 2936 298 2978; x_wconf 81' lang='lat' dir='ltr'>aut</span> <span class='ocrx_word' id='word_1_231' title='bbox 314 2936 394 2978; x_wconf 89' lang='lat' dir='ltr'>metus</span> <span class='ocrx_word' id='word_1_232' title='bbox 411 2945 426 2977; x_wconf 86' lang='lat' dir='ltr'>a</span> <span class='ocrx_word' id='word_1_233' title='bbox 475 2928 552 2978; x_wconf 88' lang='lat' dir='ltr'>riculo</span> <span class='ocrx_word' id='word_1_234' title='bbox 569 2935 611 2977; x_wconf 88' lang='lat' dir='ltr'>aut</span> <span class='ocrx_word' id='word_1_235' title='bbox 627 2927 691 2976; x_wconf 85' lang='lat' dir='ltr'>ratio</span> 
     </span>
     <span class='ocr_line' id='line_1_38' title="bbox 117 2944 691 3055; baseline -0.007 -12"><span class='ocrx_word' id='word_1_236' title='bbox 117 3011 133 3044; x_wconf 86' lang='lat' dir='ltr'>a</span> <span class='ocrx_word' id='word_1_237' title='bbox 144 2995 224 3044; x_wconf 86' lang='lat' dir='ltr'>furore</span> <span class='ocrx_word' id='word_1_238' title='bbox 239 2990 403 3044; x_wconf 80' lang='lat' dir='ltr'>revocaverit&#39;</span> <span class='ocrx_word' id='word_1_239' title='bbox 437 2944 485 3042; x_wconf 48' lang='lat' dir='ltr'>gt</span> <span class='ocrx_word' id='word_1_240' title='bbox 499 3009 527 3043; x_wconf 85' lang='lat' dir='ltr'>as</span> <span class='ocrx_word' id='word_1_241' title='bbox 539 2995 582 3042; x_wconf 87' lang='lat' dir='ltr'>Dr.</span> <span class='ocrx_word' id='word_1_242' title='bbox 595 2992 691 3055; x_wconf 81' lang='lat' dir='ltr'>Sandys</span> 
     </span>
     <span class='ocr_line' id='line_1_39' title="bbox 117 3058 690 3125; baseline -0.003 -17"><span class='ocrx_word' id='word_1_243' title='bbox 117 3061 200 3125; x_wconf 87' lang='lat' dir='ltr'>points</span> <span class='ocrx_word' id='word_1_244' title='bbox 216 3069 261 3110; x_wconf 88' lang='lat' dir='ltr'>out</span> <span class='ocrx_word' id='word_1_245' title='bbox 277 3076 309 3109; x_wconf 92' lang='lat' dir='ltr'>on</span> <span class='ocrx_word' id='word_1_246' title='bbox 326 3061 396 3110; x_wconf 85' lang='lat' dir='ltr'>Orat.</span> <span class='ocrx_word' id='word_1_247' title='bbox 410 3073 455 3121; x_wconf 83' lang='lat'>135</span> <span class='ocrx_word' id='word_1_248' title='bbox 472 3060 541 3123; x_wconf 84' lang='lat' dir='ltr'>(‘aut</span> <span class='ocrx_word' id='word_1_249' title='bbox 558 3058 690 3107; x_wconf 84' lang='lat' dir='ltr'>abeodem</span> 
     </span>
     <span class='ocr_line' id='line_1_40' title="bbox 116 3123 689 3189; baseline -0.007 -15"><span class='ocrx_word' id='word_1_250' title='bbox 116 3128 192 3175; x_wconf 89' lang='lat' dir='ltr'>verbo</span> <span class='ocrx_word' id='word_1_251' title='bbox 209 3125 305 3176; x_wconf 89' lang='lat' dir='ltr'>ducitur</span> <span class='ocrx_word' id='word_1_252' title='bbox 321 3125 419 3189; x_wconf 88' lang='lat' dir='ltr'>saepius</span> <span class='ocrx_word' id='word_1_253' title='bbox 436 3124 515 3174; x_wconf 87' lang='lat' dir='ltr'>oratio</span> <span class='ocrx_word' id='word_1_254' title='bbox 532 3132 574 3172; x_wconf 90' lang='lat' dir='ltr'>aut</span> <span class='ocrx_word' id='word_1_255' title='bbox 587 3125 613 3171; x_wconf 89' lang='lat' dir='ltr'>in</span> <span class='ocrx_word' id='word_1_256' title='bbox 623 3123 689 3171; x_wconf 85' lang='lat' dir='ltr'>idem</span> 
     </span>
     <span class='ocr_line' id='line_1_41' title="bbox 117 3189 691 3254; baseline -0.009 -14"><span class='ocrx_word' id='word_1_257' title='bbox 117 3191 239 3241; x_wconf 85' lang='lat' dir='ltr'>conicitur</span> <span class='ocrx_word' id='word_1_258' title='bbox 260 3198 303 3239; x_wconf 88' lang='lat' dir='ltr'>aut</span> <span class='ocrx_word' id='word_1_259' title='bbox 325 3198 462 3254; x_wconf 91' lang='lat' dir='ltr'>utrumque,</span> <span class='ocrx_word' id='word_1_260' title='bbox 485 3197 527 3238; x_wconf 87' lang='lat' dir='ltr'>aut</span> <span class='ocrx_word' id='word_1_261' title='bbox 550 3189 691 3251; x_wconf 87' lang='lat' dir='ltr'>adiungitur</span> 
     </span>
     <span class='ocr_line' id='line_1_42' title="bbox 118 3255 690 3315; baseline -0.009 -10"><span class='ocrx_word' id='word_1_262' title='bbox 118 3258 183 3305; x_wconf 90' lang='lat' dir='ltr'>idem</span> <span class='ocrx_word' id='word_1_263' title='bbox 195 3259 317 3315; x_wconf 87' lang='lat' dir='ltr'>iteratum,</span> <span class='ocrx_word' id='word_1_264' title='bbox 329 3264 371 3305; x_wconf 87' lang='lat' dir='ltr'>aut</span> <span class='ocrx_word' id='word_1_265' title='bbox 383 3257 449 3305; x_wconf 92' lang='lat' dir='ltr'>idem</span> <span class='ocrx_word' id='word_1_266' title='bbox 463 3255 496 3304; x_wconf 87' lang='lat' dir='ltr'>ad</span> <span class='ocrx_word' id='word_1_267' title='bbox 506 3260 642 3303; x_wconf 89' lang='lat' dir='ltr'>extremum</span> <span class='ocrx_word' id='word_1_268' title='bbox 654 3269 690 3301; x_wconf 89' lang='lat' dir='ltr'>re-</span> 
     </span>
     <span class='ocr_line' id='line_1_43' title="bbox 117 3320 688 3384; baseline -0.009 -13"><span class='ocrx_word' id='word_1_269' title='bbox 117 3323 208 3382; x_wconf 86' lang='lat' dir='ltr'>fertur,¹</span> <span class='ocrx_word' id='word_1_270' title='bbox 221 3329 287 3384; x_wconf 78' lang='lat' dir='ltr'>etc),</span> <span class='ocrx_word' id='word_1_271' title='bbox 300 3323 342 3370; x_wconf 90' lang='lat' dir='ltr'>the</span> <span class='ocrx_word' id='word_1_272' title='bbox 353 3327 451 3370; x_wconf 89' lang='lat' dir='ltr'>context</span> <span class='ocrx_word' id='word_1_273' title='bbox 462 3321 530 3369; x_wconf 90' lang='lat' dir='ltr'>there</span> <span class='ocrx_word' id='word_1_274' title='bbox 559 3320 623 3367; x_wconf 87' lang='lat' dir='ltr'>oints</span> <span class='ocrx_word' id='word_1_275' title='bbox 635 3327 688 3367; x_wconf 87' lang='lat' dir='ltr'>toa</span> 
     </span>
     <span class='ocr_line' id='line_1_44' title="bbox 116 3336 689 3450; baseline -0.009 -15"><span class='ocrx_word' id='word_1_276' title='bbox 116 3387 178 3435; x_wconf 88' lang='lat' dir='ltr'>kind</span> <span class='ocrx_word' id='word_1_277' title='bbox 187 3389 216 3436; x_wconf 83' lang='lat' dir='ltr'>cf</span> <span class='ocrx_word' id='word_1_278' title='bbox 216 3387 354 3450; x_wconf 74' lang='lat' dir='ltr'>geminatio</span> <span class='ocrx_word' id='word_1_279' title='bbox 362 3386 494 3436; x_wconf 89' lang='lat' dir='ltr'>combined</span> <span class='ocrx_word' id='word_1_280' title='bbox 501 3336 562 3433; x_wconf 67' lang='lat' dir='ltr'>witi</span> <span class='ocrx_word' id='word_1_281' title='bbox 569 3384 689 3447; x_wconf 79' lang='lat' dir='ltr'>repetitio,</span> 
     </span>
     <span class='ocr_line' id='line_1_45' title="bbox 117 3449 690 3513; baseline -0.007 -12"><span class='ocrx_word' id='word_1_282' title='bbox 117 3453 198 3502; x_wconf 88' lang='lat' dir='ltr'>where</span> <span class='ocrx_word' id='word_1_283' title='bbox 214 3454 256 3502; x_wconf 92' lang='lat' dir='ltr'>the</span> <span class='ocrx_word' id='word_1_284' title='bbox 272 3451 342 3500; x_wconf 89' lang='lat' dir='ltr'>word</span> <span class='ocrx_word' id='word_1_285' title='bbox 358 3452 379 3500; x_wconf 88' lang='lat' dir='ltr'>is</span> <span class='ocrx_word' id='word_1_286' title='bbox 396 3451 563 3513; x_wconf 82' lang='lat' dir='ltr'>immediately</span> <span class='ocrx_word' id='word_1_287' title='bbox 576 3449 690 3512; x_wconf 89' lang='lat' dir='ltr'>repeated</span> 
     </span>
     <span class='ocr_line' id='line_1_46' title="bbox 116 3516 688 3577; baseline -0.009 -10"><span class='ocrx_word' id='word_1_288' title='bbox 116 3518 166 3566; x_wconf 91' lang='lat' dir='ltr'>and</span> <span class='ocrx_word' id='word_1_289' title='bbox 183 3518 237 3567; x_wconf 88' lang='lat' dir='ltr'>also</span> <span class='ocrx_word' id='word_1_290' title='bbox 253 3517 338 3566; x_wconf 83' lang='lat' dir='ltr'>stands</span> <span class='ocrx_word' id='word_1_291' title='bbox 355 3516 405 3565; x_wconf 85' lang='lat' dir='ltr'>first</span> <span class='ocrx_word' id='word_1_292' title='bbox 419 3517 444 3564; x_wconf 90' lang='lat' dir='ltr'>in</span> <span class='ocrx_word' id='word_1_293' title='bbox 456 3517 488 3565; x_wconf 93' lang='lat' dir='ltr'>its</span> <span class='ocrx_word' id='word_1_294' title='bbox 498 3516 587 3570; x_wconf 85' lang='lat' dir='ltr'>clause,</span> <span class='ocrx_word' id='word_1_295' title='bbox 599 3530 620 3563; x_wconf 86' lang='lat' dir='ltr'>e.</span> <span class='ocrx_word' id='word_1_296' title='bbox 626 3530 650 3577; x_wconf 90' lang='lat' dir='ltr'>g.</span> <span class='ocrx_word' id='word_1_297' title='bbox 663 3530 688 3577; x_wconf 94' lang='lat' dir='ltr'>p.</span> 
     </span>
     <span class='ocr_line' id='line_1_47' title="bbox 118 3580 689 3647; baseline -0.009 -16"><span class='ocrx_word' id='word_1_298' title='bbox 118 3583 174 3637; x_wconf 77' lang='lat' dir='ltr'>Mu,</span> <span class='ocrx_word' id='word_1_299' title='bbox 185 3597 215 3647; x_wconf 91' lang='lat'>91</span> <span class='ocrx_word' id='word_1_300' title='bbox 231 3583 356 3640; x_wconf 65' lang='lat' dir='ltr'>‘excitate</span> <span class='ocrx_word' id='word_1_301' title='bbox 375 3583 480 3630; x_wconf 87' lang='lat' dir='ltr'>excitate</span> <span class='ocrx_word' id='word_1_302' title='bbox 499 3582 589 3646; x_wconf 90' lang='lat' dir='ltr'>ipsum,</span> <span class='ocrx_word' id='word_1_303' title='bbox 606 3580 626 3627; x_wconf 91' lang='lat' dir='ltr'>si</span> <span class='ocrx_word' id='word_1_304' title='bbox 644 3595 689 3643; x_wconf 90' lang='lat' dir='ltr'>po·</span> 
     </span>
     <span class='ocr_line' id='line_1_48' title="bbox 117 3644 689 3709; baseline -0.01 -12"><span class='ocrx_word' id='word_1_305' title='bbox 117 3650 194 3704; x_wconf 85' lang='lat' dir='ltr'>testis,</span> <span class='ocrx_word' id='word_1_306' title='bbox 206 3666 221 3697; x_wconf 92' lang='lat' dir='ltr'>a</span> <span class='ocrx_word' id='word_1_307' title='bbox 232 3644 360 3706; x_wconf 83' lang='lat' dir='ltr'>mortuis’;</span> <span class='ocrx_word' id='word_1_308' title='bbox 377 3647 426 3695; x_wconf 88' lang='lat' dir='ltr'>and</span> <span class='ocrx_word' id='word_1_309' title='bbox 445 3647 498 3695; x_wconf 80' lang='lat' dir='ltr'>that</span> <span class='ocrx_word' id='word_1_310' title='bbox 515 3662 573 3709; x_wconf 89' lang='lat' dir='ltr'>may</span> <span class='ocrx_word' id='word_1_311' title='bbox 584 3644 640 3693; x_wconf 87' lang='lat' dir='ltr'>well</span> <span class='ocrx_word' id='word_1_312' title='bbox 659 3645 689 3692; x_wconf 91' lang='lat' dir='ltr'>be</span> 
     </span>
     <span class='ocr_line' id='line_1_49' title="bbox 116 3708 689 3777; baseline -0.009 -15"><span class='ocrx_word' id='word_1_313' title='bbox 116 3714 158 3762; x_wconf 68' lang='lat' dir='ltr'>me</span> <span class='ocrx_word' id='word_1_314' title='bbox 169 3714 284 3777; x_wconf 87' lang='lat' dir='ltr'>meaning</span> <span class='ocrx_word' id='word_1_315' title='bbox 294 3713 359 3762; x_wconf 91' lang='lat' dir='ltr'>here.</span> <span class='ocrx_word' id='word_1_316' title='bbox 377 3713 424 3776; x_wconf 89' lang='lat' dir='ltr'>Cp.</span> <span class='ocrx_word' id='word_1_317' title='bbox 434 3712 584 3766; x_wconf 78' lang='lat' dir='ltr'>Volkmann,</span> <span class='ocrx_word' id='word_1_318' title='bbox 598 3726 621 3773; x_wconf 94' lang='lat' dir='ltr'>p.</span> <span class='ocrx_word' id='word_1_319' title='bbox 632 3708 689 3772; x_wconf 82' lang='lat'>476,</span> 
     </span>
     <span class='ocr_line' id='line_1_50' title="bbox 117 3773 621 3838; baseline -0.01 -11"><span class='ocrx_word' id='word_1_320' title='bbox 117 3779 165 3827; x_wconf 84' lang='lat' dir='ltr'>and</span> <span class='ocrx_word' id='word_1_321' title='bbox 178 3780 272 3827; x_wconf 88' lang='lat' dir='ltr'>Emest.</span> <span class='ocrx_word' id='word_1_322' title='bbox 284 3779 343 3827; x_wconf 88' lang='lat' dir='ltr'>Lex.</span> <span class='ocrx_word' id='word_1_323' title='bbox 356 3777 433 3828; x_wconf 90' lang='lat' dir='ltr'>Tech.</span> <span class='ocrx_word' id='word_1_324' title='bbox 446 3793 464 3825; x_wconf 91' lang='lat' dir='ltr'>s.</span> <span class='ocrx_word' id='word_1_325' title='bbox 470 3793 492 3824; x_wconf 94' lang='lat' dir='ltr'>v.</span> <span class='ocrx_word' id='word_1_326' title='bbox 505 3773 621 3838; x_wconf 66' lang='grc' dir='ltr'>ἕπὶζεοξις.</span> 
     </span>
    </p>

    <p class='ocr_par' dir='ltr' id='par_1_6' title="bbox 116 3840 693 4496">
     <span class='ocr_line' id='line_1_51' title="bbox 149 3840 687 3908; baseline -0.006 -15"><span class='ocrx_word' id='word_1_327' title='bbox 149 3848 317 3903; x_wconf 70' lang='lat' dir='ltr'>progressio,</span> <span class='ocrx_word' id='word_1_328' title='bbox 340 3843 487 3908; x_wconf 82' lang='lat' dir='ltr'>apparently</span> <span class='ocrx_word' id='word_1_329' title='bbox 508 3842 575 3892; x_wconf 86' lang='lat' dir='ltr'>what</span> <span class='ocrx_word' id='word_1_330' title='bbox 603 3840 687 3904; x_wconf 89' lang='lat' dir='ltr'>Quint.</span> 
     </span>
     <span class='ocr_line' id='line_1_52' title="bbox 117 3906 693 3972; baseline -0.007 -14"><span class='ocrx_word' id='word_1_331' title='bbox 117 3910 167 3959; x_wconf 81' lang='lat' dir='ltr'>viii.</span> <span class='ocrx_word' id='word_1_332' title='bbox 186 3927 210 3969; x_wconf 80' lang='lat'>4,</span> <span class='ocrx_word' id='word_1_333' title='bbox 228 3924 242 3972; x_wconf 90' lang='grc'>3</span> <span class='ocrx_word' id='word_1_334' title='bbox 260 3909 323 3959; x_wconf 87' lang='lat' dir='ltr'>calls</span> <span class='ocrx_word' id='word_1_335' title='bbox 341 3909 530 3968; x_wconf 78' lang='lat' dir='ltr'>incrementum,</span> <span class='ocrx_word' id='word_1_336' title='bbox 551 3924 566 3956; x_wconf 85' lang='lat' dir='ltr'>a</span> <span class='ocrx_word' id='word_1_337' title='bbox 582 3906 643 3955; x_wconf 87' lang='lat' dir='ltr'>kind</span> <span class='ocrx_word' id='word_1_338' title='bbox 663 3906 693 3954; x_wconf 84' lang='lat' dir='ltr'>oi</span> 
     </span>
     <span class='ocr_line' id='line_1_53' title="bbox 116 3972 689 4038; baseline -0.007 -14"><span class='ocrx_word' id='word_1_339' title='bbox 116 3975 215 4035; x_wconf 86' lang='lat' dir='ltr'>climax,</span> <span class='ocrx_word' id='word_1_340' title='bbox 238 3975 324 4038; x_wconf 82' lang='lat' dir='ltr'>giving</span> <span class='ocrx_word' id='word_1_341' title='bbox 346 3989 373 4023; x_wconf 87' lang='lat' dir='ltr'>as</span> <span class='ocrx_word' id='word_1_342' title='bbox 395 3990 427 4022; x_wconf 88' lang='lat' dir='ltr'>an</span> <span class='ocrx_word' id='word_1_343' title='bbox 449 3972 563 4036; x_wconf 85' lang='lat' dir='ltr'>example</span> <span class='ocrx_word' id='word_1_344' title='bbox 582 3972 689 4021; x_wconf 80' lang='lat' dir='ltr'>‘facinus</span> 
     </span>
     <span class='ocr_line' id='line_1_54' title="bbox 116 4037 688 4098; baseline -0.01 -8"><span class='ocrx_word' id='word_1_345' title='bbox 116 4050 154 4090; x_wconf 86' lang='lat' dir='ltr'>est</span> <span class='ocrx_word' id='word_1_346' title='bbox 168 4041 261 4089; x_wconf 88' lang='lat' dir='ltr'>vincire</span> <span class='ocrx_word' id='word_1_347' title='bbox 278 4041 357 4090; x_wconf 89' lang='lat' dir='ltr'>civem</span> <span class='ocrx_word' id='word_1_348' title='bbox 377 4040 526 4098; x_wconf 84' lang='lat' dir='ltr'>Romanum,</span> <span class='ocrx_word' id='word_1_349' title='bbox 544 4037 623 4086; x_wconf 90' lang='lat' dir='ltr'>scelus</span> <span class='ocrx_word' id='word_1_350' title='bbox 637 4052 688 4086; x_wconf 92' lang='lat' dir='ltr'>ver·</span> 
     </span>
     <span class='ocr_line' id='line_1_55' title="bbox 116 4102 688 4170; baseline -0.009 -15"><span class='ocrx_word' id='word_1_351' title='bbox 116 4107 211 4166; x_wconf 85' lang='lat' dir='ltr'>berare,</span> <span class='ocrx_word' id='word_1_352' title='bbox 231 4121 309 4170; x_wconf 90' lang='lat' dir='ltr'>prope</span> <span class='ocrx_word' id='word_1_353' title='bbox 331 4105 492 4169; x_wconf 90' lang='lat' dir='ltr'>parricidium</span> <span class='ocrx_word' id='word_1_354' title='bbox 513 4118 608 4162; x_wconf 88' lang='lat' dir='ltr'>necare,</span> <span class='ocrx_word' id='word_1_355' title='bbox 628 4102 688 4166; x_wconf 90' lang='lat' dir='ltr'>qnid</span> 
     </span>
     <span class='ocr_line' id='line_1_56' title="bbox 118 4167 687 4231; baseline -0.007 -11"><span class='ocrx_word' id='word_1_356' title='bbox 118 4172 201 4220; x_wconf 88' lang='lat' dir='ltr'>dicam</span> <span class='ocrx_word' id='word_1_357' title='bbox 210 4172 234 4220; x_wconf 92' lang='lat' dir='ltr'>in</span> <span class='ocrx_word' id='word_1_358' title='bbox 244 4187 344 4220; x_wconf 90' lang='lat' dir='ltr'>crucem</span> <span class='ocrx_word' id='word_1_359' title='bbox 353 4167 452 4218; x_wconf 90' lang='lat' dir='ltr'>tollere&#39;</span> <span class='ocrx_word' id='word_1_360' title='bbox 464 4170 499 4224; x_wconf 82' lang='lat' dir='ltr'>(in</span> <span class='ocrx_word' id='word_1_361' title='bbox 508 4170 577 4218; x_wconf 90' lang='lat' dir='ltr'>Verr.</span> <span class='ocrx_word' id='word_1_362' title='bbox 587 4184 609 4216; x_wconf 87' lang='lat' dir='ltr'>v.</span> <span class='ocrx_word' id='word_1_363' title='bbox 620 4171 687 4231; x_wconf 85' lang='lat'>170).</span> 
     </span>
     <span class='ocr_line' id='line_1_57' title="bbox 116 4233 688 4300; baseline -0.007 -15"><span class='ocrx_word' id='word_1_364' title='bbox 116 4235 193 4285; x_wconf 83' lang='lat' dir='ltr'>Pid.’s</span> <span class='ocrx_word' id='word_1_365' title='bbox 203 4237 331 4300; x_wconf 87' lang='lat' dir='ltr'>quotation</span> <span class='ocrx_word' id='word_1_366' title='bbox 343 4251 370 4284; x_wconf 84' lang='lat' dir='ltr'>as</span> <span class='ocrx_word' id='word_1_367' title='bbox 386 4236 449 4284; x_wconf 84' lang='lat' dir='ltr'>from</span> <span class='ocrx_word' id='word_1_368' title='bbox 465 4234 602 4297; x_wconf 84' lang='lat' dir='ltr'>Quintilian</span> <span class='ocrx_word' id='word_1_369' title='bbox 614 4234 634 4282; x_wconf 93' lang='lat' dir='ltr'>is</span> <span class='ocrx_word' id='word_1_370' title='bbox 645 4233 688 4281; x_wconf 89' lang='lat' dir='ltr'>de·</span> 
     </span>
     <span class='ocr_line' id='line_1_58' title="bbox 117 4300 687 4363; baseline -0.005 -14"><span class='ocrx_word' id='word_1_371' title='bbox 117 4302 184 4351; x_wconf 91' lang='lat' dir='ltr'>rived</span> <span class='ocrx_word' id='word_1_372' title='bbox 194 4303 257 4350; x_wconf 81' lang='lat' dir='ltr'>from</span> <span class='ocrx_word' id='word_1_373' title='bbox 267 4301 367 4358; x_wconf 88' lang='lat' dir='ltr'>Ernesti,</span> <span class='ocrx_word' id='word_1_374' title='bbox 379 4301 438 4350; x_wconf 87' lang='lat' dir='ltr'>Lex.</span> <span class='ocrx_word' id='word_1_375' title='bbox 447 4300 523 4348; x_wconf 90' lang='lat' dir='ltr'>Tech.</span> <span class='ocrx_word' id='word_1_376' title='bbox 533 4300 589 4348; x_wconf 89' lang='lat' dir='ltr'>Lat.</span> <span class='ocrx_word' id='word_1_377' title='bbox 599 4315 623 4363; x_wconf 93' lang='lat' dir='ltr'>p.</span> <span class='ocrx_word' id='word_1_378' title='bbox 631 4301 687 4360; x_wconf 81' lang='lat'>308.</span> 
     </span>
     <span class='ocr_line' id='line_1_59' title="bbox 116 4365 688 4430; baseline -0.002 -16"><span class='ocrx_word' id='word_1_379' title='bbox 116 4367 218 4416; x_wconf 87' lang='lat' dir='ltr'>Ellendt</span> <span class='ocrx_word' id='word_1_380' title='bbox 228 4383 284 4430; x_wconf 83' lang='lat' dir='ltr'>says</span> <span class='ocrx_word' id='word_1_381' title='bbox 300 4365 507 4430; x_wconf 77' lang='lat' dir='ltr'>‘progressionem</span> <span class='ocrx_word' id='word_1_382' title='bbox 523 4380 642 4429; x_wconf 88' lang='lat' dir='ltr'>quaenam</span> <span class='ocrx_word' id='word_1_383' title='bbox 655 4366 688 4413; x_wconf 92' lang='lat' dir='ltr'>sit</span> 
     </span>
     <span class='ocr_line' id='line_1_60' title="bbox 116 4429 687 4496; baseline -0.009 -14"><span class='ocrx_word' id='word_1_384' title='bbox 116 4447 190 4482; x_wconf 84' lang='lat' dir='ltr'>nemo</span> <span class='ocrx_word' id='word_1_385' title='bbox 207 4433 287 4483; x_wconf 90' lang='lat' dir='ltr'>dicere</span> <span class='ocrx_word' id='word_1_386' title='bbox 305 4432 403 4496; x_wconf 85' lang='lat' dir='ltr'>poterit,</span> <span class='ocrx_word' id='word_1_387' title='bbox 420 4445 498 4494; x_wconf 89' lang='lat' dir='ltr'>neque</span> <span class='ocrx_word' id='word_1_388' title='bbox 517 4432 569 4480; x_wconf 89' lang='lat' dir='ltr'>eius</span> <span class='ocrx_word' id='word_1_389' title='bbox 588 4429 640 4478; x_wconf 89' lang='lat' dir='ltr'>ulla</span> <span class='ocrx_word' id='word_1_390' title='bbox 662 4431 687 4478; x_wconf 93' lang='lat' dir='ltr'>in</span> 
     </span>
    </p>
   </div>
   <div class='ocr_carea' id='block_1_5' title="bbox 738 967 1319 4492">
    <p class='ocr_par' dir='ltr' id='par_1_7' title="bbox 741 967 1319 1488">
     <span class='ocr_line' id='line_1_61' title="bbox 743 967 1319 1032; baseline 0 -15"><span class='ocrx_word' id='word_1_391' title='bbox 743 968 802 1017; x_wconf 88' lang='lat' dir='ltr'>artis</span> <span class='ocrx_word' id='word_1_392' title='bbox 823 967 983 1032; x_wconf 87' lang='lat' dir='ltr'>scriptoribus</span> <span class='ocrx_word' id='word_1_393' title='bbox 1005 968 1091 1018; x_wconf 91' lang='lat' dir='ltr'>ceteris</span> <span class='ocrx_word' id='word_1_394' title='bbox 1109 967 1258 1032; x_wconf 84' lang='lat' dir='ltr'>significatio</span> <span class='ocrx_word' id='word_1_395' title='bbox 1277 985 1319 1017; x_wconf 90' lang='lat' dir='ltr'>ex-</span> 
     </span>
     <span class='ocr_line' id='line_1_62' title="bbox 743 1032 1318 1097; baseline -0.002 -15"><span class='ocrx_word' id='word_1_396' title='bbox 743 1032 807 1082; x_wconf 84' lang='lat' dir='ltr'>stat’</span> <span class='ocrx_word' id='word_1_397' title='bbox 841 1034 952 1097; x_wconf 84' lang='lat' dir='ltr'>Georges</span> <span class='ocrx_word' id='word_1_398' title='bbox 963 1034 1063 1083; x_wconf 89' lang='lat' dir='ltr'>renders</span> <span class='ocrx_word' id='word_1_399' title='bbox 1073 1035 1092 1083; x_wconf 91' lang='lat' dir='ltr'>it</span> <span class='ocrx_word' id='word_1_400' title='bbox 1106 1034 1159 1083; x_wconf 88' lang='lat' dir='ltr'>‘the</span> <span class='ocrx_word' id='word_1_401' title='bbox 1169 1034 1279 1082; x_wconf 89' lang='lat' dir='ltr'>advance</span> <span class='ocrx_word' id='word_1_402' title='bbox 1289 1041 1318 1082; x_wconf 91' lang='lat' dir='ltr'>to</span> 
     </span>
     <span class='ocr_line' id='line_1_63' title="bbox 742 1097 1319 1162; baseline -0.002 -16"><span class='ocrx_word' id='word_1_403' title='bbox 742 1105 855 1162; x_wconf 89' lang='lat' dir='ltr'>stronger</span> <span class='ocrx_word' id='word_1_404' title='bbox 865 1097 1034 1162; x_wconf 61' lang='lat' dir='ltr'>expressions!</span> <span class='ocrx_word' id='word_1_405' title='bbox 1059 1098 1115 1148; x_wconf 86' lang='lat' dir='ltr'>The</span> <span class='ocrx_word' id='word_1_406' title='bbox 1126 1098 1319 1162; x_wconf 90' lang='lat' dir='ltr'>corresponding</span> 
     </span>
     <span class='ocr_line' id='line_1_64' title="bbox 742 1164 1318 1226; baseline -0.003 -12"><span class='ocrx_word' id='word_1_407' title='bbox 742 1164 825 1214; x_wconf 90' lang='lat' dir='ltr'>clause</span> <span class='ocrx_word' id='word_1_408' title='bbox 844 1165 869 1212; x_wconf 93' lang='lat' dir='ltr'>in</span> <span class='ocrx_word' id='word_1_409' title='bbox 887 1165 956 1213; x_wconf 85' lang='lat' dir='ltr'>Orat.</span> <span class='ocrx_word' id='word_1_410' title='bbox 977 1177 1021 1226; x_wconf 81' lang='lat'>135</span> <span class='ocrx_word' id='word_1_411' title='bbox 1043 1165 1064 1212; x_wconf 90' lang='lat' dir='ltr'>is</span> <span class='ocrx_word' id='word_1_412' title='bbox 1088 1164 1169 1213; x_wconf 83' lang='lat' dir='ltr'>‘idem</span> <span class='ocrx_word' id='word_1_413' title='bbox 1188 1164 1221 1213; x_wconf 87' lang='lat' dir='ltr'>ad</span> <span class='ocrx_word' id='word_1_414' title='bbox 1240 1173 1318 1212; x_wconf 89' lang='lat' dir='ltr'>extre·</span> 
     </span>
     <span class='ocr_line' id='line_1_65' title="bbox 742 1228 1317 1292; baseline 0.002 -15"><span class='ocrx_word' id='word_1_415' title='bbox 742 1245 811 1277; x_wconf 90' lang='lat' dir='ltr'>mum</span> <span class='ocrx_word' id='word_1_416' title='bbox 822 1228 937 1285; x_wconf 85' lang='lat' dir='ltr'>resertur.¹</span> <span class='ocrx_word' id='word_1_417' title='bbox 945 1229 1027 1279; x_wconf 89' lang='lat' dir='ltr'>which</span> <span class='ocrx_word' id='word_1_418' title='bbox 1038 1229 1093 1278; x_wconf 93' lang='lat' dir='ltr'>Pid.</span> <span class='ocrx_word' id='word_1_419' title='bbox 1106 1236 1195 1278; x_wconf 91' lang='lat' dir='ltr'>cannot</span> <span class='ocrx_word' id='word_1_420' title='bbox 1208 1230 1239 1277; x_wconf 89' lang='lat' dir='ltr'>be</span> <span class='ocrx_word' id='word_1_421' title='bbox 1250 1229 1317 1292; x_wconf 87' lang='lat' dir='ltr'>right</span> 
     </span>
     <span class='ocr_line' id='line_1_66' title="bbox 742 1294 1317 1358; baseline 0.002 -16"><span class='ocrx_word' id='word_1_422' title='bbox 742 1295 767 1342; x_wconf 91' lang='lat' dir='ltr'>in</span> <span class='ocrx_word' id='word_1_423' title='bbox 785 1294 931 1358; x_wconf 86' lang='lat' dir='ltr'>identisying</span> <span class='ocrx_word' id='word_1_424' title='bbox 952 1295 1011 1344; x_wconf 89' lang='lat' dir='ltr'>with</span> <span class='ocrx_word' id='word_1_425' title='bbox 1028 1295 1173 1358; x_wconf 74' lang='lat' dir='ltr'>progressio.</span> <span class='ocrx_word' id='word_1_426' title='bbox 1201 1295 1317 1343; x_wconf 82' lang='lat' dir='ltr'>AHM²</span> 
     </span>
     <span class='ocr_line' id='line_1_67' title="bbox 742 1359 1315 1423; baseline -0.002 -16"><span class='ocrx_word' id='word_1_427' title='bbox 742 1360 804 1408; x_wconf 87' lang='lat' dir='ltr'>have</span> <span class='ocrx_word' id='word_1_428' title='bbox 821 1361 949 1423; x_wconf 81' lang='lat' dir='ltr'>processio,</span> <span class='ocrx_word' id='word_1_429' title='bbox 974 1360 1018 1408; x_wconf 91' lang='lat' dir='ltr'>but</span> <span class='ocrx_word' id='word_1_430' title='bbox 1037 1361 1062 1408; x_wconf 90' lang='lat' dir='ltr'>in</span> <span class='ocrx_word' id='word_1_431' title='bbox 1082 1361 1166 1423; x_wconf 86' lang='lat' dir='ltr'>Quint.</span> <span class='ocrx_word' id='word_1_432' title='bbox 1187 1359 1219 1407; x_wconf 88' lang='lat' dir='ltr'>ix.</span> <span class='ocrx_word' id='word_1_433' title='bbox 1241 1373 1264 1418; x_wconf 91' lang='lat'>1,</span> <span class='ocrx_word' id='word_1_434' title='bbox 1285 1373 1315 1423; x_wconf 81' lang='lat'>33</span> 
     </span>
     <span class='ocr_line' id='line_1_68' title="bbox 741 1425 1250 1488; baseline 0.002 -15"><span class='ocrx_word' id='word_1_435' title='bbox 741 1425 809 1474; x_wconf 91' lang='lat' dir='ltr'>there</span> <span class='ocrx_word' id='word_1_436' title='bbox 820 1441 898 1474; x_wconf 85' lang='lat' dir='ltr'>seems</span> <span class='ocrx_word' id='word_1_437' title='bbox 910 1433 937 1474; x_wconf 94' lang='lat' dir='ltr'>to</span> <span class='ocrx_word' id='word_1_438' title='bbox 948 1426 978 1473; x_wconf 90' lang='lat' dir='ltr'>be</span> <span class='ocrx_word' id='word_1_439' title='bbox 987 1441 1020 1474; x_wconf 92' lang='lat' dir='ltr'>no</span> <span class='ocrx_word' id='word_1_440' title='bbox 1033 1426 1130 1474; x_wconf 88' lang='lat' dir='ltr'>various</span> <span class='ocrx_word' id='word_1_441' title='bbox 1141 1426 1250 1488; x_wconf 83' lang='lat' dir='ltr'>reading.</span> 
     </span>
    </p>

    <p class='ocr_par' dir='ltr' id='par_1_8' title="bbox 741 1493 1318 2404">
     <span class='ocr_line' id='line_1_69' title="bbox 777 1493 1316 1540; baseline 0.002 -3"><span class='ocrx_word' id='word_1_442' title='bbox 777 1504 799 1537; x_wconf 83' lang='lat'>2.</span> <span class='ocrx_word' id='word_1_443' title='bbox 816 1493 944 1539; x_wconf 84' lang='lat' dir='ltr'>eiusdem</span> <span class='ocrx_word' id='word_1_444' title='bbox 954 1494 1035 1538; x_wconf 80' lang='lat' dir='ltr'>verbi</span> <span class='ocrx_word' id='word_1_445' title='bbox 1048 1526 1054 1538; x_wconf 94' lang='lat'>.</span> <span class='ocrx_word' id='word_1_446' title='bbox 1067 1526 1073 1540; x_wconf 97' lang='lat'>.</span> <span class='ocrx_word' id='word_1_447' title='bbox 1086 1527 1092 1539; x_wconf 93' lang='lat'>.</span> <span class='ocrx_word' id='word_1_448' title='bbox 1105 1493 1268 1539; x_wconf 84' lang='lat' dir='ltr'>distinctio:</span> <span class='ocrx_word' id='word_1_449' title='bbox 1287 1493 1316 1538; x_wconf 90' lang='lat' dir='ltr'>‘a</span> 
     </span>
     <span class='ocr_line' id='line_1_70' title="bbox 742 1554 1315 1619; baseline -0.003 -15"><span class='ocrx_word' id='word_1_450' title='bbox 742 1555 855 1619; x_wconf 87' lang='lat' dir='ltr'>differing</span> <span class='ocrx_word' id='word_1_451' title='bbox 872 1555 1029 1619; x_wconf 83' lang='lat' dir='ltr'>signiticance</span> <span class='ocrx_word' id='word_1_452' title='bbox 1046 1556 1075 1604; x_wconf 84' lang='lat' dir='ltr'>oi</span> <span class='ocrx_word' id='word_1_453' title='bbox 1089 1556 1129 1605; x_wconf 90' lang='lat' dir='ltr'>the</span> <span class='ocrx_word' id='word_1_454' title='bbox 1145 1571 1213 1605; x_wconf 88' lang='lat' dir='ltr'>same</span> <span class='ocrx_word' id='word_1_455' title='bbox 1230 1554 1315 1613; x_wconf 86' lang='lat' dir='ltr'>word,&#39;</span> 
     </span>
     <span class='ocr_line' id='line_1_71' title="bbox 741 1619 1314 1678; baseline -0.002 -9"><span class='ocrx_word' id='word_1_456' title='bbox 741 1619 809 1670; x_wconf 89' lang='lat' dir='ltr'>what</span> <span class='ocrx_word' id='word_1_457' title='bbox 820 1621 846 1669; x_wconf 93' lang='lat' dir='ltr'>in</span> <span class='ocrx_word' id='word_1_458' title='bbox 857 1621 889 1669; x_wconf 88' lang='lat' dir='ltr'>ad</span> <span class='ocrx_word' id='word_1_459' title='bbox 903 1621 961 1669; x_wconf 90' lang='lat' dir='ltr'>Her.</span> <span class='ocrx_word' id='word_1_460' title='bbox 971 1620 1002 1669; x_wconf 89' lang='lat' dir='ltr'>iv.</span> <span class='ocrx_word' id='word_1_461' title='bbox 1015 1635 1045 1670; x_wconf 84' lang='lat'>20</span> <span class='ocrx_word' id='word_1_462' title='bbox 1056 1622 1077 1670; x_wconf 91' lang='lat' dir='ltr'>is</span> <span class='ocrx_word' id='word_1_463' title='bbox 1088 1621 1168 1670; x_wconf 87' lang='lat' dir='ltr'>called</span> <span class='ocrx_word' id='word_1_464' title='bbox 1184 1620 1314 1678; x_wconf 70' lang='lat' dir='ltr'>traducite,</span> 
     </span>
     <span class='ocr_line' id='line_1_72' title="bbox 741 1685 1318 1750; baseline 0.002 -17"><span class='ocrx_word' id='word_1_465' title='bbox 741 1689 821 1750; x_wconf 86' lang='lat' dir='ltr'>‘quae</span> <span class='ocrx_word' id='word_1_466' title='bbox 832 1685 890 1735; x_wconf 83' lang='lat' dir='ltr'>lacit</span> <span class='ocrx_word' id='word_1_467' title='bbox 901 1697 928 1736; x_wconf 90' lang='lat' dir='ltr'>ut</span> <span class='ocrx_word' id='word_1_468' title='bbox 940 1702 997 1736; x_wconf 89' lang='lat' dir='ltr'>cnm</span> <span class='ocrx_word' id='word_1_469' title='bbox 1008 1687 1075 1734; x_wconf 91' lang='lat' dir='ltr'>idem</span> <span class='ocrx_word' id='word_1_470' title='bbox 1092 1687 1193 1735; x_wconf 86' lang='lat' dir='ltr'>verbnm</span> <span class='ocrx_word' id='word_1_471' title='bbox 1208 1686 1318 1735; x_wconf 89' lang='lat' dir='ltr'>crebrius</span> 
     </span>
     <span class='ocr_line' id='line_1_73' title="bbox 742 1751 1316 1814; baseline -0.002 -15"><span class='ocrx_word' id='word_1_472' title='bbox 742 1759 855 1814; x_wconf 87' lang='lat' dir='ltr'>ponatur,</span> <span class='ocrx_word' id='word_1_473' title='bbox 867 1767 918 1800; x_wconf 91' lang='lat' dir='ltr'>non</span> <span class='ocrx_word' id='word_1_474' title='bbox 930 1751 1006 1800; x_wconf 91' lang='lat' dir='ltr'>modo</span> <span class='ocrx_word' id='word_1_475' title='bbox 1018 1767 1067 1800; x_wconf 93' lang='lat' dir='ltr'>non</span> <span class='ocrx_word' id='word_1_476' title='bbox 1079 1752 1187 1800; x_wconf 76' lang='lat' dir='ltr'>offendat</span> <span class='ocrx_word' id='word_1_477' title='bbox 1198 1751 1316 1805; x_wconf 84' lang='lat' dir='ltr'>animum,</span> 
     </span>
     <span class='ocr_line' id='line_1_74' title="bbox 741 1816 1316 1874; baseline -0.002 -10"><span class='ocrx_word' id='word_1_478' title='bbox 741 1816 785 1864; x_wconf 92' lang='lat' dir='ltr'>sed</span> <span class='ocrx_word' id='word_1_479' title='bbox 797 1817 872 1866; x_wconf 83' lang='lat' dir='ltr'>etiam</span> <span class='ocrx_word' id='word_1_480' title='bbox 881 1817 1063 1866; x_wconf 88' lang='lat' dir='ltr'>concinniorem</span> <span class='ocrx_word' id='word_1_481' title='bbox 1072 1818 1208 1866; x_wconf 85' lang='lat' dir='ltr'>orationem</span> <span class='ocrx_word' id='word_1_482' title='bbox 1218 1817 1316 1874; x_wconf 88' lang='lat' dir='ltr'>reddat;</span> 
     </span>
     <span class='ocr_line' id='line_1_75' title="bbox 742 1881 1315 1945; baseline -0.002 -15"><span class='ocrx_word' id='word_1_483' title='bbox 742 1881 790 1931; x_wconf 93' lang='lat' dir='ltr'>hoc</span> <span class='ocrx_word' id='word_1_484' title='bbox 812 1890 901 1945; x_wconf 89' lang='lat' dir='ltr'>pacto:</span> <span class='ocrx_word' id='word_1_485' title='bbox 925 1883 976 1944; x_wconf 90' lang='lat' dir='ltr'>Qui</span> <span class='ocrx_word' id='word_1_486' title='bbox 995 1881 1058 1931; x_wconf 90' lang='lat' dir='ltr'>nihil</span> <span class='ocrx_word' id='word_1_487' title='bbox 1078 1881 1153 1930; x_wconf 86' lang='lat' dir='ltr'>habet</span> <span class='ocrx_word' id='word_1_488' title='bbox 1170 1883 1195 1944; x_wconf 82' lang='lat' dir='ltr'>in</span> <span class='ocrx_word' id='word_1_489' title='bbox 1212 1881 1263 1930; x_wconf 90' lang='lat' dir='ltr'>vita</span> <span class='ocrx_word' id='word_1_490' title='bbox 1280 1883 1315 1929; x_wconf 88' lang='lat' dir='ltr'>in·</span> 
     </span>
     <span class='ocr_line' id='line_1_76' title="bbox 742 1947 1315 2004; baseline -0.003 -8"><span class='ocrx_word' id='word_1_491' title='bbox 742 1947 845 1996; x_wconf 84' lang='lat' dir='ltr'>condius</span> <span class='ocrx_word' id='word_1_492' title='bbox 862 1948 920 2004; x_wconf 84' lang='lat' dir='ltr'>vita,</span> <span class='ocrx_word' id='word_1_493' title='bbox 940 1950 961 1995; x_wconf 90' lang='lat' dir='ltr'>is</span> <span class='ocrx_word' id='word_1_494' title='bbox 983 1963 1039 1996; x_wconf 89' lang='lat' dir='ltr'>cum</span> <span class='ocrx_word' id='word_1_495' title='bbox 1062 1949 1151 1996; x_wconf 86' lang='lat' dir='ltr'>virtute</span> <span class='ocrx_word' id='word_1_496' title='bbox 1169 1947 1247 1994; x_wconf 73' lang='lat' dir='ltr'>sitam</span> <span class='ocrx_word' id='word_1_497' title='bbox 1266 1962 1315 1995; x_wconf 89' lang='lat' dir='ltr'>non</span> 
     </span>
     <span class='ocr_line' id='line_1_77' title="bbox 742 2010 1315 2076; baseline 0 -16"><span class='ocrx_word' id='word_1_498' title='bbox 742 2019 823 2076; x_wconf 87' lang='lat' dir='ltr'>potest</span> <span class='ocrx_word' id='word_1_499' title='bbox 834 2010 931 2061; x_wconf 67' lang='lat' dir='ltr'>colere!</span> <span class='ocrx_word' id='word_1_500' title='bbox 964 2013 988 2061; x_wconf 95' lang='lat' dir='ltr'>It</span> <span class='ocrx_word' id='word_1_501' title='bbox 1004 2012 1025 2061; x_wconf 92' lang='lat' dir='ltr'>is</span> <span class='ocrx_word' id='word_1_502' title='bbox 1042 2012 1084 2061; x_wconf 91' lang='lat' dir='ltr'>the</span> <span class='ocrx_word' id='word_1_503' title='bbox 1100 2011 1202 2075; x_wconf 69' lang='lat' dir='ltr'>diacope</span> <span class='ocrx_word' id='word_1_504' title='bbox 1214 2013 1243 2060; x_wconf 83' lang='lat' dir='ltr'>oi</span> <span class='ocrx_word' id='word_1_505' title='bbox 1256 2013 1315 2061; x_wconf 90' lang='lat' dir='ltr'>Rut.</span> 
     </span>
     <span class='ocr_line' id='line_1_78' title="bbox 742 2077 1315 2142; baseline 0.002 -17"><span class='ocrx_word' id='word_1_506' title='bbox 742 2077 806 2142; x_wconf 89' lang='lat' dir='ltr'>Lup.</span> <span class='ocrx_word' id='word_1_507' title='bbox 820 2078 838 2126; x_wconf 91' lang='lat' dir='ltr'>i.</span> <span class='ocrx_word' id='word_1_508' title='bbox 855 2091 883 2126; x_wconf 83' lang='lat'>12</span> <span class='ocrx_word' id='word_1_509' title='bbox 901 2080 973 2127; x_wconf 89' lang='lat' dir='ltr'>‘cum</span> <span class='ocrx_word' id='word_1_510' title='bbox 990 2079 1092 2127; x_wconf 88' lang='lat' dir='ltr'>verbum</span> <span class='ocrx_word' id='word_1_511' title='bbox 1108 2077 1222 2127; x_wconf 90' lang='lat' dir='ltr'>iteratum</span> <span class='ocrx_word' id='word_1_512' title='bbox 1239 2077 1315 2126; x_wconf 89' lang='lat' dir='ltr'>aliam</span> 
     </span>
     <span class='ocr_line' id='line_1_79' title="bbox 742 2142 1317 2208; baseline 0 -17"><span class='ocrx_word' id='word_1_513' title='bbox 742 2143 887 2192; x_wconf 87' lang='lat' dir='ltr'>sententiam</span> <span class='ocrx_word' id='word_1_514' title='bbox 899 2142 1020 2206; x_wconf 71' lang='lat' dir='ltr'>sigmificat</span> <span class='ocrx_word' id='word_1_515' title='bbox 1035 2160 1063 2193; x_wconf 86' lang='lat' dir='ltr'>ac</span> <span class='ocrx_word' id='word_1_516' title='bbox 1075 2143 1222 2208; x_wconf 82' lang='lat' dir='ltr'>significavit</span> <span class='ocrx_word' id='word_1_517' title='bbox 1233 2144 1317 2207; x_wconf 90' lang='lat' dir='ltr'>primo</span> 
     </span>
     <span class='ocr_line' id='line_1_80' title="bbox 742 2207 1316 2272; baseline 0 -16"><span class='ocrx_word' id='word_1_518' title='bbox 742 2207 833 2264; x_wconf 89' lang='lat' dir='ltr'>dictu&#39;;</span> <span class='ocrx_word' id='word_1_519' title='bbox 846 2209 894 2257; x_wconf 88' lang='lat' dir='ltr'>and</span> <span class='ocrx_word' id='word_1_520' title='bbox 902 2209 944 2258; x_wconf 90' lang='lat' dir='ltr'>the</span> <span class='ocrx_word' id='word_1_521' title='bbox 952 2208 1131 2257; x_wconf 78' lang='grc' dir='ltr'>ἀντονάκλοσις</span> <span class='ocrx_word' id='word_1_522' title='bbox 1142 2209 1172 2261; x_wconf 85' lang='lat' dir='ltr'>oi</span> <span class='ocrx_word' id='word_1_523' title='bbox 1177 2208 1316 2272; x_wconf 86' lang='lat' dir='ltr'>Quintilian</span> 
     </span>
     <span class='ocr_line' id='line_1_81' title="bbox 742 2272 1316 2334; baseline 0.003 -14"><span class='ocrx_word' id='word_1_524' title='bbox 742 2274 774 2320; x_wconf 84' lang='lat' dir='ltr'>ix.</span> <span class='ocrx_word' id='word_1_525' title='bbox 788 2288 810 2334; x_wconf 82' lang='lat'>3.</span> <span class='ocrx_word' id='word_1_526' title='bbox 822 2272 863 2323; x_wconf 87' lang='grc'>68.</span> <span class='ocrx_word' id='word_1_527' title='bbox 898 2274 1004 2323; x_wconf 87' lang='lat' dir='ltr'>Various</span> <span class='ocrx_word' id='word_1_528' title='bbox 1020 2275 1090 2323; x_wconf 89' lang='lat' dir='ltr'>other</span> <span class='ocrx_word' id='word_1_529' title='bbox 1107 2290 1191 2324; x_wconf 89' lang='lat' dir='ltr'>names</span> <span class='ocrx_word' id='word_1_530' title='bbox 1202 2290 1242 2323; x_wconf 90' lang='lat' dir='ltr'>are</span> <span class='ocrx_word' id='word_1_531' title='bbox 1255 2274 1316 2322; x_wconf 89' lang='lat' dir='ltr'>used</span> 
     </span>
     <span class='ocr_line' id='line_1_82' title="bbox 742 2338 1140 2404; baseline 0.005 -18"><span class='ocrx_word' id='word_1_532' title='bbox 742 2339 780 2387; x_wconf 84' lang='lat' dir='ltr'>sor</span> <span class='ocrx_word' id='word_1_533' title='bbox 791 2339 818 2398; x_wconf 92' lang='lat' dir='ltr'>it,</span> <span class='ocrx_word' id='word_1_534' title='bbox 831 2354 869 2402; x_wconf 90' lang='lat' dir='ltr'>cp.</span> <span class='ocrx_word' id='word_1_535' title='bbox 883 2338 1035 2399; x_wconf 84' lang='lat' dir='ltr'>Volkmann,</span> <span class='ocrx_word' id='word_1_536' title='bbox 1048 2356 1071 2404; x_wconf 88' lang='lat' dir='ltr'>p.</span> <span class='ocrx_word' id='word_1_537' title='bbox 1084 2341 1140 2402; x_wconf 91' lang='lat'>480.</span> 
     </span>
    </p>

    <p class='ocr_par' dir='ltr' id='par_1_9' title="bbox 739 2405 1316 3302">
     <span class='ocr_line' id='line_1_83' title="bbox 774 2405 1315 2468; baseline 0 -16"><span class='ocrx_word' id='word_1_538' title='bbox 774 2407 916 2453; x_wconf 77' lang='lat' dir='ltr'>revocatio</span> <span class='ocrx_word' id='word_1_539' title='bbox 927 2407 1023 2455; x_wconf 80' lang='lat' dir='ltr'>verbi:</span> <span class='ocrx_word' id='word_1_540' title='bbox 1046 2405 1095 2454; x_wconf 87' lang='lat' dir='ltr'>this</span> <span class='ocrx_word' id='word_1_541' title='bbox 1106 2405 1128 2453; x_wconf 90' lang='lat' dir='ltr'>is</span> <span class='ocrx_word' id='word_1_542' title='bbox 1139 2405 1262 2468; x_wconf 90' lang='lat' dir='ltr'>probably</span> <span class='ocrx_word' id='word_1_543' title='bbox 1272 2412 1315 2452; x_wconf 94' lang='lat' dir='ltr'>not</span> 
     </span>
     <span class='ocr_line' id='line_1_84' title="bbox 741 2468 1316 2533; baseline -0.002 -15"><span class='ocrx_word' id='word_1_544' title='bbox 741 2468 782 2518; x_wconf 90' lang='lat' dir='ltr'>the</span> <span class='ocrx_word' id='word_1_545' title='bbox 795 2468 871 2533; x_wconf 86' lang='lat' dir='ltr'>figure</span> <span class='ocrx_word' id='word_1_546' title='bbox 882 2469 912 2517; x_wconf 85' lang='lat' dir='ltr'>os</span> <span class='ocrx_word' id='word_1_547' title='bbox 921 2469 1067 2533; x_wconf 88' lang='lat' dir='ltr'>Quintilian,</span> <span class='ocrx_word' id='word_1_548' title='bbox 1081 2471 1113 2518; x_wconf 89' lang='lat' dir='ltr'>ix.</span> <span class='ocrx_word' id='word_1_549' title='bbox 1130 2483 1152 2532; x_wconf 88' lang='grc'>3,</span> <span class='ocrx_word' id='word_1_550' title='bbox 1166 2487 1198 2533; x_wconf 82' lang='lat'>44</span> <span class='ocrx_word' id='word_1_551' title='bbox 1210 2470 1316 2532; x_wconf 87' lang='lat' dir='ltr'>‘prioris</span> 
     </span>
     <span class='ocr_line' id='line_1_85' title="bbox 741 2535 1315 2584; baseline 0.003 -2"><span class='ocrx_word' id='word_1_552' title='bbox 741 2536 817 2583; x_wconf 90' lang='lat' dir='ltr'>etiam</span> <span class='ocrx_word' id='word_1_553' title='bbox 833 2536 966 2584; x_wconf 83' lang='lat' dir='ltr'>sententiae</span> <span class='ocrx_word' id='word_1_554' title='bbox 982 2536 1083 2584; x_wconf 83' lang='lat' dir='ltr'>verbum</span> <span class='ocrx_word' id='word_1_555' title='bbox 1100 2535 1215 2584; x_wconf 90' lang='lat' dir='ltr'>ultimum</span> <span class='ocrx_word' id='word_1_556' title='bbox 1233 2551 1262 2584; x_wconf 88' lang='lat' dir='ltr'>ec</span> <span class='ocrx_word' id='word_1_557' title='bbox 1280 2550 1315 2584; x_wconf 87' lang='lat' dir='ltr'>se·</span> 
     </span>
     <span class='ocr_line' id='line_1_86' title="bbox 742 2601 1315 2715; baseline 0 -2"><span class='ocrx_word' id='word_1_558' title='bbox 742 2601 1315 2715; x_wconf 53' lang='lat' dir='ltr'>illidiiillitteratura?</span> 
     </span>
     <span class='ocr_line' id='line_1_87' title="bbox 742 2729 1313 2794; baseline 0 -16"><span class='ocrx_word' id='word_1_559' title='bbox 742 2731 767 2778; x_wconf 91' lang='lat' dir='ltr'>in</span> <span class='ocrx_word' id='word_1_560' title='bbox 779 2738 891 2780; x_wconf 88' lang='lat' dir='ltr'>senatum</span> <span class='ocrx_word' id='word_1_561' title='bbox 901 2731 967 2779; x_wconf 86' lang='lat' dir='ltr'>venit</span> <span class='ocrx_word' id='word_1_562' title='bbox 974 2729 993 2788; x_wconf 87' lang='lat'>’;</span> <span class='ocrx_word' id='word_1_563' title='bbox 1012 2732 1053 2780; x_wconf 91' lang='lat' dir='ltr'>but</span> <span class='ocrx_word' id='word_1_564' title='bbox 1065 2731 1146 2780; x_wconf 86' lang='lat' dir='ltr'>rather</span> <span class='ocrx_word' id='word_1_565' title='bbox 1157 2747 1172 2779; x_wconf 90' lang='lat' dir='ltr'>a</span> <span class='ocrx_word' id='word_1_566' title='bbox 1183 2732 1313 2794; x_wconf 87' lang='lat' dir='ltr'>repetition</span> 
     </span>
     <span class='ocr_line' id='line_1_88' title="bbox 741 2795 1314 2856; baseline -0.003 -11"><span class='ocrx_word' id='word_1_567' title='bbox 741 2810 767 2845; x_wconf 88' lang='lat' dir='ltr'>at</span> <span class='ocrx_word' id='word_1_568' title='bbox 784 2797 825 2845; x_wconf 90' lang='lat' dir='ltr'>the</span> <span class='ocrx_word' id='word_1_569' title='bbox 842 2796 890 2851; x_wconf 83' lang='lat' dir='ltr'>end</span> <span class='ocrx_word' id='word_1_570' title='bbox 907 2795 936 2843; x_wconf 84' lang='lat' dir='ltr'>oi</span> <span class='ocrx_word' id='word_1_571' title='bbox 949 2813 964 2844; x_wconf 89' lang='lat' dir='ltr'>a</span> <span class='ocrx_word' id='word_1_572' title='bbox 981 2804 1100 2856; x_wconf 88' lang='lat' dir='ltr'>sentence,</span> <span class='ocrx_word' id='word_1_573' title='bbox 1118 2797 1168 2846; x_wconf 87' lang='lat' dir='ltr'>like</span> <span class='ocrx_word' id='word_1_574' title='bbox 1179 2799 1186 2823; x_wconf 86' lang='lat'>‘</span> <span class='ocrx_word' id='word_1_575' title='bbox 1197 2797 1264 2855; x_wconf 91' lang='lat' dir='ltr'>vivit,</span> <span class='ocrx_word' id='word_1_576' title='bbox 1278 2797 1314 2843; x_wconf 90' lang='lat' dir='ltr'>in·</span> 
     </span>
     <span class='ocr_line' id='line_1_89' title="bbox 740 2858 1314 2947; baseline 0 -38"><span class='ocrx_word' id='word_1_577' title='bbox 740 2877 823 2926; x_wconf 87' lang='lat' dir='ltr'>quarn,</span> <span class='ocrx_word' id='word_1_578' title='bbox 835 2858 912 2922; x_wconf 82' lang='lat' dir='ltr'>vivit,’</span> <span class='ocrx_word' id='word_1_579' title='bbox 929 2861 1123 2947; x_wconf 84' lang='lat' dir='ltr'>corresponding</span> <span class='ocrx_word' id='word_1_580' title='bbox 1137 2871 1165 2911; x_wconf 89' lang='lat' dir='ltr'>to</span> <span class='ocrx_word' id='word_1_581' title='bbox 1183 2861 1265 2909; x_wconf 83' lang='lat' dir='ltr'>‘idem</span> <span class='ocrx_word' id='word_1_582' title='bbox 1282 2861 1314 2909; x_wconf 89' lang='lat' dir='ltr'>ad</span> 
     </span>
     <span class='ocr_line' id='line_1_90' title="bbox 740 2926 1312 2989; baseline -0.005 -12"><span class='ocrx_word' id='word_1_583' title='bbox 740 2935 877 2977; x_wconf 89' lang='lat' dir='ltr'>extremum</span> <span class='ocrx_word' id='word_1_584' title='bbox 902 2926 1011 2987; x_wconf 81' lang='lat' dir='ltr'>retertur,</span> <span class='ocrx_word' id='word_1_585' title='bbox 1042 2928 1072 2976; x_wconf 84' lang='lat' dir='ltr'>of</span> <span class='ocrx_word' id='word_1_586' title='bbox 1085 2928 1154 2977; x_wconf 86' lang='lat' dir='ltr'>Orat.</span> <span class='ocrx_word' id='word_1_587' title='bbox 1178 2940 1238 2989; x_wconf 84' lang='lat'>135:</span> <span class='ocrx_word' id='word_1_588' title='bbox 1273 2943 1312 2989; x_wconf 88' lang='lat' dir='ltr'>cp.</span> 
     </span>
     <span class='ocr_line' id='line_1_91' title="bbox 740 2991 1315 3056; baseline 0 -15"><span class='ocrx_word' id='word_1_589' title='bbox 740 2991 842 3056; x_wconf 87' lang='lat' dir='ltr'>Sandys’</span> <span class='ocrx_word' id='word_1_590' title='bbox 855 3000 920 3041; x_wconf 90' lang='lat' dir='ltr'>note.</span> <span class='ocrx_word' id='word_1_591' title='bbox 955 2994 978 3041; x_wconf 94' lang='lat' dir='ltr'>lt</span> <span class='ocrx_word' id='word_1_592' title='bbox 995 2993 1016 3040; x_wconf 84' lang='lat' dir='ltr'>is</span> <span class='ocrx_word' id='word_1_593' title='bbox 1032 2999 1075 3042; x_wconf 92' lang='lat' dir='ltr'>not</span> <span class='ocrx_word' id='word_1_594' title='bbox 1093 2993 1134 3042; x_wconf 90' lang='lat' dir='ltr'>the</span> <span class='ocrx_word' id='word_1_595' title='bbox 1151 3008 1219 3040; x_wconf 87' lang='lat' dir='ltr'>same</span> <span class='ocrx_word' id='word_1_596' title='bbox 1234 3008 1262 3040; x_wconf 90' lang='lat' dir='ltr'>as</span> <span class='ocrx_word' id='word_1_597' title='bbox 1273 2991 1315 3041; x_wconf 86' lang='lat' dir='ltr'>the</span> 
     </span>
     <span class='ocr_line' id='line_1_92' title="bbox 740 3056 1315 3121; baseline 0.002 -15"><span class='ocrx_word' id='word_1_598' title='bbox 740 3057 849 3106; x_wconf 83' lang='lat' dir='ltr'>‘reditus</span> <span class='ocrx_word' id='word_1_599' title='bbox 861 3057 893 3107; x_wconf 91' lang='lat' dir='ltr'>ad</span> <span class='ocrx_word' id='word_1_600' title='bbox 908 3056 1079 3121; x_wconf 88' lang='lat' dir='ltr'>propositum&#39;</span> <span class='ocrx_word' id='word_1_601' title='bbox 1092 3059 1121 3107; x_wconf 82' lang='lat' dir='ltr'>oi</span> <span class='ocrx_word' id='word_1_602' title='bbox 1133 3061 1145 3116; x_wconf 70' lang='grc'><strong>5</strong></span> <span class='ocrx_word' id='word_1_603' title='bbox 1164 3072 1209 3118; x_wconf 79' lang='lat'>203</span> <span class='ocrx_word' id='word_1_604' title='bbox 1224 3058 1242 3120; x_wconf 88' lang='lat'>(‘</span> <span class='ocrx_word' id='word_1_605' title='bbox 1251 3066 1277 3107; x_wconf 91' lang='lat' dir='ltr'>ut</span> <span class='ocrx_word' id='word_1_606' title='bbox 1288 3073 1315 3106; x_wconf 84' lang='lat' dir='ltr'>se</span> 
     </span>
     <span class='ocr_line' id='line_1_93' title="bbox 739 3122 1315 3187; baseline 0 -17"><span class='ocrx_word' id='word_1_607' title='bbox 739 3123 793 3187; x_wconf 90' lang='lat' dir='ltr'>ipse</span> <span class='ocrx_word' id='word_1_608' title='bbox 810 3122 924 3181; x_wconf 86' lang='lat' dir='ltr'>revocat,’</span> <span class='ocrx_word' id='word_1_609' title='bbox 943 3124 1012 3172; x_wconf 86' lang='lat' dir='ltr'>Orat.</span> <span class='ocrx_word' id='word_1_610' title='bbox 1033 3123 1098 3186; x_wconf 83' lang='lat'>137),</span> <span class='ocrx_word' id='word_1_611' title='bbox 1143 3123 1172 3171; x_wconf 93' lang='lat' dir='ltr'>L.</span> <span class='ocrx_word' id='word_1_612' title='bbox 1187 3127 1210 3172; x_wconf 76' lang='grc' dir='ltr'>δι</span> <span class='ocrx_word' id='word_1_613' title='bbox 1229 3123 1253 3171; x_wconf 90' lang='lat' dir='ltr'>S.</span> <span class='ocrx_word' id='word_1_614' title='bbox 1273 3139 1315 3170; x_wconf 93' lang='lat' dir='ltr'>are</span> 
     </span>
     <span class='ocr_line' id='line_1_94' title="bbox 740 3188 1315 3300; baseline 0.002 -65"><span class='ocrx_word' id='word_1_615' title='bbox 740 3189 807 3300; x_wconf 44' lang='lat' dir='ltr'>quipe</span> <span class='ocrx_word' id='word_1_616' title='bbox 815 3203 901 3252; x_wconf 87' lang='lat' dir='ltr'>wrong</span> <span class='ocrx_word' id='word_1_617' title='bbox 909 3189 973 3237; x_wconf 90' lang='lat' dir='ltr'>here.</span> <span class='ocrx_word' id='word_1_618' title='bbox 1002 3188 1114 3252; x_wconf 85' lang='lat' dir='ltr'>Georges</span> <span class='ocrx_word' id='word_1_619' title='bbox 1123 3189 1144 3237; x_wconf 94' lang='lat' dir='ltr'>is</span> <span class='ocrx_word' id='word_1_620' title='bbox 1153 3204 1220 3236; x_wconf 91' lang='lat' dir='ltr'>more</span> <span class='ocrx_word' id='word_1_621' title='bbox 1229 3188 1315 3251; x_wconf 89' lang='lat' dir='ltr'>nearly</span> 
     </span>
     <span class='ocr_line' id='line_1_95' title="bbox 739 3257 813 3302; baseline 0.014 -1"><span class='ocrx_word' id='word_1_622' title='bbox 739 3257 758 3301; x_wconf 90' lang='lat' dir='ltr'>ri</span> <span class='ocrx_word' id='word_1_623' title='bbox 796 3261 813 3302; x_wconf 95' lang='lat' dir='ltr'>t.</span> 
     </span>
    </p>

    <p class='ocr_par' dir='ltr' id='par_1_10' title="bbox 760 3269 1314 3379">
     <span class='ocr_line' id='line_1_96' title="bbox 760 3269 1314 3379; baseline 0 -14"><span class='ocrx_word' id='word_1_624' title='bbox 760 3269 795 3379; x_wconf 68' lang='grc' dir='ltr'>ἔ3.</span> <span class='ocrx_word' id='word_1_625' title='bbox 814 3333 885 3376; x_wconf 80' lang='lat' dir='ltr'>quoe</span> <span class='ocrx_word' id='word_1_626' title='bbox 907 3320 1039 3368; x_wconf 85' lang='lat' dir='ltr'>similiter</span> <span class='ocrx_word' id='word_1_627' title='bbox 1064 3321 1206 3376; x_wconf 84' lang='lat' dir='ltr'>desinunt,</span> <span class='ocrx_word' id='word_1_628' title='bbox 1235 3318 1314 3376; x_wconf 77' lang='grc' dir='ltr'>ὁμοιο·</span> 
     </span>
    </p>

    <p class='ocr_par' dir='ltr' id='par_1_11' title="bbox 738 3382 1315 3708">
     <span class='ocr_line' id='line_1_97' title="bbox 739 3382 1315 3434; baseline 0.003 -4"><span class='ocrx_word' id='word_1_629' title='bbox 739 3382 856 3432; x_wconf 68' lang='lat' dir='ltr'>ruma:</span> <span class='ocrx_word' id='word_1_630' title='bbox 869 3384 901 3432; x_wconf 88' lang='lat' dir='ltr'>ad</span> <span class='ocrx_word' id='word_1_631' title='bbox 910 3385 969 3433; x_wconf 87' lang='lat' dir='ltr'>Her.</span> <span class='ocrx_word' id='word_1_632' title='bbox 982 3383 1013 3434; x_wconf 92' lang='lat' dir='ltr'>iv.</span> <span class='ocrx_word' id='word_1_633' title='bbox 1026 3386 1056 3433; x_wconf 82' lang='lat'>28</span> <span class='ocrx_word' id='word_1_634' title='bbox 1068 3384 1194 3432; x_wconf 87' lang='lat' dir='ltr'>‘similiter</span> <span class='ocrx_word' id='word_1_635' title='bbox 1202 3383 1315 3432; x_wconf 88' lang='lat' dir='ltr'>desinens</span> 
     </span>
     <span class='ocr_line' id='line_1_98' title="bbox 739 3448 1314 3508; baseline -0.002 -10"><span class='ocrx_word' id='word_1_636' title='bbox 739 3457 784 3508; x_wconf 86' lang='lat' dir='ltr'>est,</span> <span class='ocrx_word' id='word_1_637' title='bbox 797 3465 853 3498; x_wconf 89' lang='lat' dir='ltr'>cum</span> <span class='ocrx_word' id='word_1_638' title='bbox 865 3449 963 3497; x_wconf 88' lang='lat' dir='ltr'>tametsi</span> <span class='ocrx_word' id='word_1_639' title='bbox 978 3463 1049 3498; x_wconf 86' lang='lat' dir='ltr'>casus</span> <span class='ocrx_word' id='word_1_640' title='bbox 1063 3465 1113 3497; x_wconf 92' lang='lat' dir='ltr'>non</span> <span class='ocrx_word' id='word_1_641' title='bbox 1128 3448 1210 3496; x_wconf 91' lang='lat' dir='ltr'>insunt</span> <span class='ocrx_word' id='word_1_642' title='bbox 1226 3449 1251 3496; x_wconf 89' lang='lat' dir='ltr'>ln</span> <span class='ocrx_word' id='word_1_643' title='bbox 1263 3465 1314 3497; x_wconf 87' lang='lat' dir='ltr'>ver·</span> 
     </span>
     <span class='ocr_line' id='line_1_99' title="bbox 739 3513 1314 3577; baseline -0.002 -14"><span class='ocrx_word' id='word_1_644' title='bbox 739 3515 785 3574; x_wconf 93' lang='lat' dir='ltr'>bis,</span> <span class='ocrx_word' id='word_1_645' title='bbox 798 3523 881 3563; x_wconf 90' lang='lat' dir='ltr'>tamen</span> <span class='ocrx_word' id='word_1_646' title='bbox 893 3514 987 3563; x_wconf 91' lang='lat' dir='ltr'>similes</span> <span class='ocrx_word' id='word_1_647' title='bbox 999 3515 1076 3562; x_wconf 89' lang='lat' dir='ltr'>exitus</span> <span class='ocrx_word' id='word_1_648' title='bbox 1088 3520 1151 3567; x_wconf 87' lang='lat' dir='ltr'>sunt.</span> <span class='ocrx_word' id='word_1_649' title='bbox 1163 3513 1212 3562; x_wconf 91' lang='lat' dir='ltr'>hoc</span> <span class='ocrx_word' id='word_1_650' title='bbox 1223 3523 1314 3577; x_wconf 83' lang='lat' dir='ltr'>pacto:</span> 
     </span>
     <span class='ocr_line' id='line_1_100' title="bbox 739 3578 1314 3643; baseline 0 -15"><span class='ocrx_word' id='word_1_651' title='bbox 739 3581 856 3642; x_wconf 89' lang='lat' dir='ltr'>Turpiter</span> <span class='ocrx_word' id='word_1_652' title='bbox 883 3580 958 3628; x_wconf 86' lang='lat' dir='ltr'>audes</span> <span class='ocrx_word' id='word_1_653' title='bbox 984 3578 1070 3638; x_wconf 86' lang='lat' dir='ltr'>facere,</span> <span class='ocrx_word' id='word_1_654' title='bbox 1094 3580 1204 3643; x_wconf 90' lang='lat' dir='ltr'>nequiter</span> <span class='ocrx_word' id='word_1_655' title='bbox 1231 3580 1314 3628; x_wconf 90' lang='lat' dir='ltr'>studes</span> 
     </span>
     <span class='ocr_line' id='line_1_101' title="bbox 738 3644 1182 3708; baseline 0 -14"><span class='ocrx_word' id='word_1_656' title='bbox 738 3644 834 3703; x_wconf 56' lang='lat' dir='ltr'>dicere?</span> <span class='ocrx_word' id='word_1_657' title='bbox 847 3653 892 3696; x_wconf 87' lang='lat' dir='ltr'>etc.</span> <span class='ocrx_word' id='word_1_658' title='bbox 927 3644 1077 3702; x_wconf 83' lang='lat' dir='ltr'>Volkmann,</span> <span class='ocrx_word' id='word_1_659' title='bbox 1089 3660 1113 3708; x_wconf 91' lang='lat' dir='ltr'>p.</span> <span class='ocrx_word' id='word_1_660' title='bbox 1127 3647 1182 3707; x_wconf 81' lang='lat'>483.</span> 
     </span>
    </p>

    <p class='ocr_par' dir='ltr' id='par_1_12' title="bbox 739 3709 1314 4152">
     <span class='ocr_line' id='line_1_102' title="bbox 773 3709 1313 3767; baseline -0.006 -7"><span class='ocrx_word' id='word_1_661' title='bbox 773 3726 844 3767; x_wconf 83' lang='lat' dir='ltr'>quae</span> <span class='ocrx_word' id='word_1_662' title='bbox 864 3715 970 3760; x_wconf 84' lang='lat' dir='ltr'>cadunt</span> <span class='ocrx_word' id='word_1_663' title='bbox 992 3713 1143 3758; x_wconf 82' lang='lat' dir='ltr'>similiter:</span> <span class='ocrx_word' id='word_1_664' title='bbox 1174 3709 1268 3758; x_wconf 87' lang='lat' dir='ltr'>‘words</span> <span class='ocrx_word' id='word_1_665' title='bbox 1288 3710 1313 3758; x_wconf 93' lang='lat' dir='ltr'>in</span> 
     </span>
     <span class='ocr_line' id='line_1_103' title="bbox 739 3774 1311 3836; baseline -0.002 -12"><span class='ocrx_word' id='word_1_666' title='bbox 739 3776 835 3825; x_wconf 83' lang='lat' dir='ltr'>similar</span> <span class='ocrx_word' id='word_1_667' title='bbox 852 3776 936 3835; x_wconf 61' lang='lat' dir='ltr'>cases:</span> <span class='ocrx_word' id='word_1_668' title='bbox 958 3774 1116 3836; x_wconf 69' lang='grc' dir='ltr'>ὁμοιόπτωτα,</span> <span class='ocrx_word' id='word_1_669' title='bbox 1140 3775 1172 3823; x_wconf 87' lang='lat' dir='ltr'>ad</span> <span class='ocrx_word' id='word_1_670' title='bbox 1196 3775 1255 3824; x_wconf 88' lang='lat' dir='ltr'>Her.</span> <span class='ocrx_word' id='word_1_671' title='bbox 1279 3776 1311 3824; x_wconf 87' lang='lat' dir='ltr'>ib.</span> 
     </span>
     <span class='ocr_line' id='line_1_104' title="bbox 742 3841 1312 3890; baseline -0.005 0"><span class='ocrx_word' id='word_1_672' title='bbox 742 3847 812 3890; x_wconf 85' lang='lat' dir='ltr'>‘cum</span> <span class='ocrx_word' id='word_1_673' title='bbox 833 3842 858 3890; x_wconf 92' lang='lat' dir='ltr'>in</span> <span class='ocrx_word' id='word_1_674' title='bbox 878 3841 965 3890; x_wconf 88' lang='lat' dir='ltr'>eadem</span> <span class='ocrx_word' id='word_1_675' title='bbox 984 3841 1162 3890; x_wconf 87' lang='lat' dir='ltr'>constructione</span> <span class='ocrx_word' id='word_1_676' title='bbox 1184 3841 1312 3889; x_wconf 87' lang='lat' dir='ltr'>verborum</span> 
     </span>
     <span class='ocr_line' id='line_1_105' title="bbox 740 3905 1314 3970; baseline -0.003 -15"><span class='ocrx_word' id='word_1_677' title='bbox 740 3907 790 3955; x_wconf 92' lang='lat' dir='ltr'>duo</span> <span class='ocrx_word' id='word_1_678' title='bbox 807 3913 850 3956; x_wconf 88' lang='lat' dir='ltr'>aut</span> <span class='ocrx_word' id='word_1_679' title='bbox 866 3907 938 3970; x_wconf 88' lang='lat' dir='ltr'>plura</span> <span class='ocrx_word' id='word_1_680' title='bbox 955 3914 1011 3955; x_wconf 89' lang='lat' dir='ltr'>sunt</span> <span class='ocrx_word' id='word_1_681' title='bbox 1027 3907 1110 3965; x_wconf 89' lang='lat' dir='ltr'>verba,</span> <span class='ocrx_word' id='word_1_682' title='bbox 1121 3921 1185 3969; x_wconf 88' lang='lat' dir='ltr'>quae</span> <span class='ocrx_word' id='word_1_683' title='bbox 1201 3905 1314 3955; x_wconf 89' lang='lat' dir='ltr'>similiter</span> 
     </span>
     <span class='ocr_line' id='line_1_106' title="bbox 739 3971 1312 4031; baseline -0.003 -11"><span class='ocrx_word' id='word_1_684' title='bbox 739 3973 833 4021; x_wconf 85' lang='lat' dir='ltr'>eisdem</span> <span class='ocrx_word' id='word_1_685' title='bbox 860 3972 958 4020; x_wconf 86' lang='lat' dir='ltr'>casibus</span> <span class='ocrx_word' id='word_1_686' title='bbox 984 3971 1123 4031; x_wconf 80' lang='lat' dir='ltr'>efferuntur,</span> <span class='ocrx_word' id='word_1_687' title='bbox 1147 3972 1196 4019; x_wconf 91' lang='lat' dir='ltr'>hoc</span> <span class='ocrx_word' id='word_1_688' title='bbox 1221 3971 1312 4019; x_wconf 90' lang='lat' dir='ltr'>modo:</span> 
     </span>
     <span class='ocr_line' id='line_1_107' title="bbox 740 4036 1312 4100; baseline -0.003 -15"><span class='ocrx_word' id='word_1_689' title='bbox 740 4038 878 4086; x_wconf 91' lang='lat' dir='ltr'>Hominem</span> <span class='ocrx_word' id='word_1_690' title='bbox 889 4037 988 4086; x_wconf 85' lang='lat' dir='ltr'>landem</span> <span class='ocrx_word' id='word_1_691' title='bbox 999 4045 1112 4100; x_wconf 90' lang='lat' dir='ltr'>egentem</span> <span class='ocrx_word' id='word_1_692' title='bbox 1124 4037 1226 4096; x_wconf 84' lang='lat' dir='ltr'>virtutis,</span> <span class='ocrx_word' id='word_1_693' title='bbox 1236 4036 1312 4084; x_wconf 90' lang='lat' dir='ltr'>abun·</span> 
     </span>
     <span class='ocr_line' id='line_1_108' title="bbox 740 4100 1011 4152; baseline 0 -2"><span class='ocrx_word' id='word_1_694' title='bbox 740 4103 841 4152; x_wconf 89' lang='lat' dir='ltr'>dantem</span> <span class='ocrx_word' id='word_1_695' title='bbox 853 4102 977 4151; x_wconf 82' lang='lat' dir='ltr'>felicitatis</span> <span class='ocrx_word' id='word_1_696' title='bbox 985 4100 1011 4150; x_wconf 72' lang='lat' dir='ltr'>i’</span> 
     </span>
    </p>

    <p class='ocr_par' dir='ltr' id='par_1_13' title="bbox 739 4169 1314 4492">
     <span class='ocr_line' id='line_1_109' title="bbox 773 4169 1311 4230; baseline 0 -14"><span class='ocrx_word' id='word_1_697' title='bbox 773 4184 796 4230; x_wconf 88' lang='lat'>4.</span> <span class='ocrx_word' id='word_1_698' title='bbox 814 4183 885 4225; x_wconf 85' lang='lat' dir='ltr'>quae</span> <span class='ocrx_word' id='word_1_699' title='bbox 904 4171 1018 4224; x_wconf 82' lang='lat' dir='ltr'>paribus</span> <span class='ocrx_word' id='word_1_700' title='bbox 1035 4170 1117 4224; x_wconf 79' lang='lat' dir='ltr'>neria</span> <span class='ocrx_word' id='word_1_701' title='bbox 1135 4169 1311 4216; x_wconf 77' lang='lat' dir='ltr'>resonantur:</span> 
     </span>
     <span class='ocr_line' id='line_1_110' title="bbox 741 4231 1313 4283; baseline -0.003 -2"><span class='ocrx_word' id='word_1_702' title='bbox 741 4233 756 4283; x_wconf 93' lang='lat' dir='ltr'>i.</span> <span class='ocrx_word' id='word_1_703' title='bbox 762 4250 783 4283; x_wconf 90' lang='lat' dir='ltr'>e.</span> <span class='ocrx_word' id='word_1_704' title='bbox 795 4233 866 4282; x_wconf 91' lang='lat' dir='ltr'>when</span> <span class='ocrx_word' id='word_1_705' title='bbox 879 4233 974 4282; x_wconf 88' lang='lat' dir='ltr'>clauses</span> <span class='ocrx_word' id='word_1_706' title='bbox 989 4232 1092 4281; x_wconf 85' lang='lat' dir='ltr'>balance</span> <span class='ocrx_word' id='word_1_707' title='bbox 1107 4232 1168 4281; x_wconf 89' lang='lat' dir='ltr'>each</span> <span class='ocrx_word' id='word_1_708' title='bbox 1183 4231 1253 4281; x_wconf 89' lang='lat' dir='ltr'>other</span> <span class='ocrx_word' id='word_1_709' title='bbox 1264 4231 1313 4279; x_wconf 87' lang='lat' dir='ltr'>and</span> 
     </span>
     <span class='ocr_line' id='line_1_111' title="bbox 739 4295 1312 4362; baseline -0.005 -14"><span class='ocrx_word' id='word_1_710' title='bbox 739 4300 835 4362; x_wconf 88' lang='lat' dir='ltr'>exactly</span> <span class='ocrx_word' id='word_1_711' title='bbox 846 4297 1001 4362; x_wconf 88' lang='lat' dir='ltr'>correspond‚</span> <span class='ocrx_word' id='word_1_712' title='bbox 1018 4298 1059 4347; x_wconf 89' lang='lat' dir='ltr'>the</span> <span class='ocrx_word' id='word_1_713' title='bbox 1071 4295 1190 4344; x_wconf 65' lang='grc' dir='ltr'>ἰσόκωλον</span> <span class='ocrx_word' id='word_1_714' title='bbox 1201 4298 1231 4345; x_wconf 88' lang='lat' dir='ltr'>oi</span> <span class='ocrx_word' id='word_1_715' title='bbox 1241 4297 1312 4345; x_wconf 89' lang='lat' dir='ltr'>Ruti·</span> 
     </span>
     <span class='ocr_line' id='line_1_112' title="bbox 739 4361 1313 4427; baseline -0.003 -15"><span class='ocrx_word' id='word_1_716' title='bbox 739 4365 795 4423; x_wconf 91' lang='lat' dir='ltr'>lius,</span> <span class='ocrx_word' id='word_1_717' title='bbox 808 4365 832 4414; x_wconf 94' lang='lat' dir='ltr'>ii.</span> <span class='ocrx_word' id='word_1_718' title='bbox 848 4368 860 4422; x_wconf 72' lang='lat'>5</span> <span class='ocrx_word' id='word_1_719' title='bbox 876 4378 922 4426; x_wconf 88' lang='lat'>15:</span> <span class='ocrx_word' id='word_1_720' title='bbox 940 4363 1004 4412; x_wconf 83' lang='lat' dir='ltr'>‘hoc</span> <span class='ocrx_word' id='word_1_721' title='bbox 1016 4363 1169 4422; x_wconf 87' lang='lat' dir='ltr'>autdnabus,</span> <span class='ocrx_word' id='word_1_722' title='bbox 1182 4370 1225 4411; x_wconf 91' lang='lat' dir='ltr'>aut</span> <span class='ocrx_word' id='word_1_723' title='bbox 1237 4361 1313 4427; x_wconf 89' lang='lat' dir='ltr'>pluri-</span> 
     </span>
     <span class='ocr_line' id='line_1_113' title="bbox 739 4427 1314 4492; baseline -0.005 -14"><span class='ocrx_word' id='word_1_724' title='bbox 739 4431 785 4479; x_wconf 89' lang='lat' dir='ltr'>bus</span> <span class='ocrx_word' id='word_1_725' title='bbox 795 4430 921 4480; x_wconf 82' lang='lat' dir='ltr'>sententiis</span> <span class='ocrx_word' id='word_1_726' title='bbox 933 4428 1054 4490; x_wconf 87' lang='lat' dir='ltr'>brevibus,</span> <span class='ocrx_word' id='word_1_727' title='bbox 1064 4435 1088 4477; x_wconf 92' lang='lat' dir='ltr'>et</span> <span class='ocrx_word' id='word_1_728' title='bbox 1099 4429 1163 4478; x_wconf 91' lang='lat' dir='ltr'>inter</span> <span class='ocrx_word' id='word_1_729' title='bbox 1174 4443 1201 4478; x_wconf 89' lang='lat' dir='ltr'>se</span> <span class='ocrx_word' id='word_1_730' title='bbox 1211 4427 1314 4492; x_wconf 90' lang='lat' dir='ltr'>paribus</span> 
     </span>
    </p>
   </div>
   <div class='ocr_carea' id='block_1_6' title="bbox 0 0 1528 5040">
    <p class='ocr_par' dir='ltr' id='par_1_14' title="bbox 0 0 1528 5040">
     <span class='ocr_line' id='line_1_114' title="bbox 0 0 1528 5040; baseline 0 1"><span class='ocrx_word' id='word_1_731' title='bbox 0 0 1528 5040; x_wconf 95' lang='lat' dir='ltr'> </span> 
     </span>
    </p>
   </div>
  </div>
 </body>
</html>
