3046 5040
526 355 593 414 or
616 352 836 415 errorores
853 352 929 414 rra
1281 361 1322 431 15

125 534 230 599 cendi.
276 535 407 597 Natura
431 530 522 596 nulla
548 541 606 605 est,
632 539 670 594 ut
695 530 776 593 mihi
799 529 938 606 videtur,
961 551 1046 612 quae
1069 550 1135 594 non
1152 529 1274 594 habeat
1290 531 1323 593 in

124 740 223 806 laude
238 743 431 822 dignentur3
449 759 526 802 nam
543 747 576 802 et
591 738 725 801 auribus
741 736 846 801 multa
862 737 1070 821 percipimus,
1086 758 1171 819 quae
1185 738 1247 801 etsi
1263 757 1323 801 nos

124 846 261 909 vocibus
294 844 469 919 delectant,
499 852 610 906 tamen
647 842 694 905 ita
723 850 800 904 sunt
833 840 925 905 varia
957 861 1065 923 saepe,
1096 853 1133 907 ut
1164 841 1207 916 id,
1233 842 1323 923 quod

96 948 316 1030 sproximum
335 946 460 1020 audias,
481 940 752 1009 iucundissimum
777 964 848 1008 esse
870 945 1038 1022 videatur3
1062 954 1095 1008 et
1117 945 1222 1008 oculis
1244 965 1323 1008 con-

124 1052 270 1135 liguntur
290 1058 395 1132 paene
417 1047 670 1112 innumerabiles
691 1046 888 1130 voluptates,
911 1068 997 1130 quae
1020 1068 1080 1110 nos
1105 1049 1152 1111 ita
1178 1049 1323 1131 capiunt,

125 1163 162 1217 ut
179 1173 282 1217 unum
294 1173 425 1216 sensum
442 1153 478 1215 iu
494 1151 646 1215 dissimili
657 1171 776 1234 genere
792 1150 978 1229 delectent;
1002 1159 1035 1214 et
1051 1150 1194 1233 reliquos
1210 1172 1323 1215 sensus

125 1257 314 1339 voluptates
329 1255 500 1319 oblectant
515 1255 672 1336 dispares,
688 1243 733 1317 ut
743 1254 785 1318 sit
801 1254 934 1317 difficile
954 1255 1110 1318 iudicium
1129 1253 1323 1319 excellentis

126 1361 272 1424 maxime
288 1359 469 1422 suavitatis.
514 1359 629 1439 Atque
645 1358 707 1421 hoc
723 1358 821 1434 idem,
836 1358 926 1438 quod
947 1368 997 1421 est
1012 1358 1045 1420 in
1066 1358 1191 1422 naturis
1207 1377 1374 1434 rerumne

83 1463 292 1526 rotransferri
318 1471 429 1545 potest
452 1462 552 1524 etiam
579 1462 623 1523 ad
648 1461 744 1536 artis3
777 1480 842 1524 una
868 1459 1015 1542 fingendi
1040 1470 1091 1524 est
1116 1481 1179 1538 arS,
1204 1461 1324 1543 inqua

127 1574 334 1649 praestantes
350 1565 483 1628 fuerunt
500 1565 608 1646 Myr0,
624 1563 816 1646 Polyclitus
832 1563 1012 1645 Lysippus,
1028 1565 1085 1646 qui
1106 1584 1222 1627 omnes
1239 1565 1325 1628 inter

127 1690 163 1733 se
185 1668 362 1732 dissimiles
380 1667 522 1745 luerunt,
539 1669 597 1731 sed
621 1668 668 1730 ita
689 1676 812 1744 tamen,
834 1675 870 1729 ut
893 1664 1060 1730 neminem
1080 1669 1130 1731 sui
1152 1667 1234 1731 velis
1252 1688 1325 1731 esse

127 1754 343 1851 dissimilem3
384 1791 451 1834 una
487 1779 537 1833 est
575 1791 627 1834 ars
665 1771 816 1851 ratioque
848 1770 1009 1852 picturae,
1046 1771 1325 1854 dissimillimique

128 1884 240 1940 tamen
257 1875 343 1938 inter
363 1894 398 1936 se
420 1874 553 1952 Zeuxis
573 1872 788 1956 Aglaophon,
809 1873 956 1954 Apelles,
977 1894 1085 1956 neque
1105 1894 1219 1938 eorum
1235 1875 1324 1956 quis-

160 2017 185 2066 4.
202 2001 288 2052 omnia
299 2000 396 2050 addidit
406 1999 433 2050 S.
465 2001 579 2050 numeris
589 2017 618 2049 ac
629 2000 670 2050 K:
687 1999 785 2050 codices
797 2000 873 2049 secuti
884 2005 940 2050 sunt
951 1999 1001 2049 Eli
1013 2000 1041 2052 P.
1169 2015 1192 2066 9.
1208 2003 1295 2066 Atque

585 2065 697 2115 leocKS:
715 2066 865 2116 allocuP.

163 2179 186 2215 1.
198 2169 308 2214 Natura
320 2169 409 2226 nulla,
422 2163 543 2228 ‘nothing
560 2165 585 2214 in
602 2161 701 2213 nature‘
751 2164 835 2213 sented
850 2180 866 2213 a
878 2180 947 2214 more
965 2163 1064 2214 archaic
1081 2164 1168 2214 school
1177 2180 1184 2223 ;
1201 2181 1241 2230 cp.
1257 2167 1326 2216 Brut.

128 2247 166 2280 we
175 2229 265 2280 should
276 2245 328 2293 say.
753 2231 791 2278 18.
817 2238 858 2290 7ο,
882 2229 951 2291 ‘quis
973 2229 1062 2280 enim.
1081 2265 1087 2278 .
1105 2267 1111 2279 .
1128 2246 1178 2279 non
1203 2230 1327 2296 intellegit

163 2311 186 2358 3.
197 2294 484 2356 dignenturtNoniuq
493 2311 518 2359 p.
528 2296 607 2355 281M,
616 2302 704 2359 quotes
751 2294 863 2344 Canachi
886 2295 956 2357 signa
977 2295 1097 2358 rigidiora
1122 2312 1183 2354 esse,
1204 2312 1279 2360 qnam
1298 2304 1326 2346 ut

130 2362 180 2410 this
197 2376 310 2425 passage,
330 2360 392 2409 with
411 2361 480 2410 Orat.
503 2374 541 2423 19,
561 2359 594 2423 64
612 2360 703 2422 (where
751 2360 877 2409 imitentur
888 2360 1030 2410 veritatemi
1059 2360 1199 2409 Calamidis
1210 2361 1271 2410 dura
1282 2360 1327 2409 illa

129 2427 243 2476 however
257 2442 304 2474 onr
322 2424 394 2474 MSS.
411 2424 475 2474 have
491 2424 613 2488 agnato),
628 2426 703 2488 Verg.
751 2424 859 2489 quidem,
879 2425 923 2472 sed
942 2431 1026 2473 tamen
1046 2425 1162 2475 molliora
1182 2441 1256 2489 quam
1277 2427 1325 2475 Ca·

130 2494 193 2541 Aen.
216 2491 252 2539 iii.
272 2489 329 2553 465,
350 2489 400 2541 and
424 2499 474 2540 two
502 2506 618 2554 passages
641 2490 704 2539 lrom
751 2489 959 2548 nachi;nondum
967 2490 1079 2553 Myronis
1088 2491 1147 2541 satis
1155 2491 1188 2540 ad
1196 2491 1326 2540 veritatem

130 2557 228 2617 Accius,
246 2556 285 2605 for
303 2556 345 2605 the
364 2571 418 2604 rare
433 2571 475 2604 use
491 2556 521 2611 oi
536 2556 628 2619 dignor
645 2570 673 2604 as
689 2570 705 2603 a
752 2555 866 2615 adducta,
876 2555 926 2602 iam
935 2562 1017 2604 tamen
1028 2571 1153 2619 quae-non
1163 2556 1261 2605 dubites
1272 2557 1326 2620 pul·

130 2623 234 2687 passive.
263 2622 352 2671 Cicero
363 2621 409 2669 has
420 2621 550 2684 drgrrauda
562 2623 586 2668 in
595 2621 675 2670 Acad.
688 2621 704 2668 i.
753 2621 811 2670 chra
823 2620 918 2670 dicere:
937 2620 1079 2684 pulchriora
1089 2621 1165 2670 etiam
1174 2621 1326 2684 Polyclitiet

132 2701 170 2735 10.
184 2685 222 2747 36,
235 2685 285 2734 and
301 2685 403 2750 dignati
418 2692 479 2734 sunt
497 2687 614 2750 (passive)
632 2686 657 2734 in
674 2685 706 2734 de
752 2686 803 2734 iam
814 2684 889 2749 plane
900 2685 1052 2750 perfectam
1063 2685 1126 2735 mihi
1137 2687 1237 2749 quidem
1248 2686 1326 2736 videri

130 2753 184 2801 Inv.
197 2752 222 2801 ii.
235 2766 274 2814 39.
286 2764 339 2814 114,
350 2752 394 2799 but
403 2751 517 2800 nowhere
529 2751 570 2799 the
582 2751 706 2815 deponent
753 2751 849 2814 solent!
877 2751 928 2799 For
949 2754 1106 2808 Polyclitus
1129 2767 1168 2815 cp.
1189 2752 1214 2800 ii.
1233 2750 1272 2813 16,
1287 2762 1326 2815 70.

130 2819 194 2867 form
206 2832 322 2867 common
333 2817 358 2864 in
370 2823 466 2880 poetry,
479 2831 499 2866 e.
506 2832 529 2880 g.
543 2817 636 2866 Catull.
646 2816 705 2865 lxiv.
753 2813 903 2876 Lysippus,
911 2817 1045 2880 according
1055 2824 1081 2865 to
1090 2816 1162 2880 Pliny
1170 2816 1251 2866 xxxiv.
1265 2832 1294 2880 19
1303 2815 1326 2865 6.

130 2896 187 2944 407,
199 2883 271 2931 Lucr.
283 2898 307 2930 v.
320 2893 350 2942 52
365 2879 487 2946 (Munro),
498 2882 546 2930 and
555 2882 616 2931 later
625 2897 706 2947 prose,
753 2881 793 2943 65,
815 2882 963 2930 ‘statuariae
991 2881 1037 2930 arri
1065 2881 1199 2945 plurimum
1224 2883 1328 2931 traditur

130 2948 237 3012 perhaps
248 2947 454 2997 firstinCnrtius.
753 2946 886 2996 contulisse
910 2946 1029 3011 capillum
1053 2947 1222 3010 exprimendo,
1245 2949 1328 3011 capita

164 3029 187 3074 4.
204 3016 339 3062 vocibus:
350 3011 427 3060 Sorof
443 3011 583 3076 needlessly
602 3011 707 3077 prefixes
754 3011 851 3061 minora
873 3012 986 3061 iaciendo
1008 3028 1083 3077 quam
1101 3013 1204 3077 antiqui,
1222 3028 1328 3077 corpora

130 3077 228 3126 omnia:
237 3078 333 3140 Kayser
341 3077 456 3126 numeris
462 3093 496 3125 ac.
516 3077 539 3126 It
546 3078 567 3126 is
574 3085 617 3126 not
625 3092 707 3126 neces·
754 3077 885 3140 graciliora
894 3078 1052 3141 siccioraque,
1064 3093 1109 3142 per
1119 3093 1182 3142 quae
1193 3079 1328 3142 proceritas

131 3159 187 3205 sary
198 3143 251 3190 that
262 3142 304 3191 the
315 3142 444 3191 antithesis
455 3141 544 3190 should
556 3143 588 3191 be
600 3142 708 3208 brought
754 3144 880 3205 signorum
897 3144 979 3190 maior
992 3143 1113 3191 videretur
1127 3144 1250 3208 vulgoque
1262 3145 1327 3193 dice·

131 3217 174 3256 out
194 3207 367 3270 prominently‚
387 3207 429 3256 the
449 3214 547 3256 context
566 3207 668 3271 making
689 3208 709 3256 it
755 3208 797 3256 bat
808 3208 840 3256 ab
852 3206 903 3256 illis
914 3208 993 3257 factos
1000 3208 1085 3270 quales
1095 3215 1173 3258 essent
1184 3209 1329 3268 hominess

131 3273 279 3336 sufficiently
290 3273 364 3332 clear,
375 3271 496 3336 although
511 3273 552 3321 the
563 3280 676 3321 sentence
687 3273 709 3321 is
755 3288 780 3320 se
792 3271 877 3336 quales
885 3273 1027 3321 viderentur
1034 3271 1101 3322 esse?
1127 3273 1170 3322 He
1182 3289 1232 3322 was
1243 3291 1259 3323 a
1270 3290 1328 3324 con·

131 3337 267 3386 somewhat
274 3337 404 3401 carelessly
412 3337 575 3387 constructed.
603 3337 708 3398 vocibus,
755 3344 894 3400 temporary
905 3338 935 3386 ol
942 3338 1083 3387 Alexander
1093 3338 1134 3388 the
1146 3339 1230 3388 Great.

133 3408 230 3451 ‘notes:
240 3402 246 3425 '
267 3418 306 3466 cp.
324 3403 341 3451 i.
353 3416 394 3465 42.
408 3413 454 3465 117
472 3403 582 3452 ‘numeri
598 3410 623 3451 et
634 3417 708 3451 voces
788 3403 878 3465 Myron
888 3402 989 3451 worked
1001 3402 1060 3465 only
1070 3403 1096 3450 in
1108 3404 1204 3464 bronze,
1218 3404 1267 3452 and
1277 3418 1330 3453 was

131 3474 156 3517 et
173 3467 259 3528 modi,’
274 3468 324 3515 and
343 3468 433 3529 below,
448 3474 460 3528 ξ
477 3470 521 3531 185
537 3469 576 3516 ‘in
593 3467 708 3517 omnibus
755 3467 932 3516 anaturalistic
947 3467 1072 3531 sculptor:
1090 3468 1166 3516 hence
1181 3468 1220 3516 his
1237 3475 1329 3518 statues

131 3533 199 3581 sonis
210 3540 234 3581 et
246 3533 365 3582 vocibus!
755 3531 784 3580 of
792 3533 833 3581 the
845 3533 908 3595 gods
917 3533 965 3580 and
975 3533 1004 3580 oi
1013 3548 1109 3582 women
1120 3533 1171 3581 had
1182 3532 1245 3582 little
1257 3549 1328 3597 repn-

165 3611 188 3659 5.
205 3601 373 3658 proximum,
387 3596 467 3647 ‘last’
754 3598 842 3655 tation,
857 3597 907 3645 and
925 3597 963 3646 his
978 3597 1043 3646 fame
1060 3599 1139 3646 rested
1155 3598 1251 3661 mainly
1266 3615 1297 3646 on
1314 3615 1330 3649 a

165 3667 353 3721 conliguntur.
395 3661 472 3711 Soros
483 3663 579 3712 notices
593 3663 646 3714 that
659 3663 708 3712 this
755 3663 832 3727 figure
840 3662 869 3711 of
874 3678 889 3710 a
898 3678 958 3722 cour,
967 3663 1016 3711 and
1025 3680 1039 3712 a
1048 3663 1206 3723 Discobolus,
1213 3663 1242 3712 oi
1246 3663 1330 3713 which

131 3729 200 3777 word
212 3737 264 3778 acts
277 3744 304 3777 as
315 3744 330 3776 a
342 3728 439 3791 passive
450 3735 476 3776 to
479 3727 551 3791 frui.
584 3729 632 3777 We
645 3729 708 3778 have
755 3745 770 3776 a
786 3744 851 3792 copy
862 3728 913 3776 still
925 3729 999 3777 exists
1016 3730 1065 3792 (cp.
1078 3729 1215 3787 Overbeck,
1229 3729 1328 3778 Griech.

131 3792 319 3856 vitiqsamom,
329 3792 464 3854 iuvidiam,
472 3793 562 3841 bonum
573 3809 707 3854 rumorem,
755 3792 830 3842 Plast.
840 3793 856 3841 i.
865 3797 930 3857 190).
946 3794 1082 3856 Polyclitus
1088 3793 1198 3842 excelled
1207 3793 1232 3840 in
1239 3793 1329 3857 figures

131 3865 178 3907 etc.
188 3858 299 3921 colligere
312 3858 337 3906 in
349 3858 444 3908 Cicero.
756 3858 785 3907 of
797 3858 864 3907 ideal
877 3858 970 3908 human
988 3859 1092 3922 beauty:
1108 3859 1232 3922 Lysippus
1248 3859 1274 3906 in
1288 3859 1330 3908 the

166 3932 188 3986 7.
199 3927 231 3972 in
240 3927 374 3971 dissimili
383 3938 497 3980 genere:
509 3922 586 3972 Sorof
592 3923 613 3971 is
619 3923 708 3986 proba·
755 3924 831 3972 union
843 3924 872 3971 ol
884 3924 926 3972 lise
942 3924 991 3971 and
1006 3939 1086 3987 grace,
1101 3923 1150 3971 and
1167 3923 1287 3972 therefore
1304 3924 1330 3972 in

132 3987 459 4052 blyrightininsertingiu:
472 3988 707 4050 ep.§8,§26‚r.13.
755 3989 907 4052 portraiture.
940 3988 1050 4048 Phidias,
1061 3988 1144 4037 whom
1159 3988 1249 4037 Cicero
1260 3988 1330 4038 rated

133 4054 271 4114 58,etc.‘in
281 4051 537 4102 adifferentmanner’
546 4051 707 4117 or‘respect.’
755 4055 834 4102 above
850 4052 886 4100 all
903 4052 1023 4116 sculptors
1042 4053 1078 4116 (ii.
1091 4063 1127 4115 17.
1140 4052 1190 4114 73),
1203 4054 1224 4102 is
1240 4055 1330 4118 proba-

165 4133 188 4183 9.
206 4123 316 4176 Atque:
334 4125 362 4167 at
372 4119 393 4165 is
403 4127 447 4167 not
457 4119 576 4167 tolerable
587 4119 653 4172 here.
755 4119 799 4181 bly
808 4118 910 4166 omitted
921 4118 985 4177 here,
998 4134 1024 4166 as
1036 4119 1061 4166 in
1072 4118 1113 4167 the
1128 4117 1226 4178 Brutus,
1238 4119 1278 4168 sor
1288 4120 1330 4169 the

165 4196 202 4231 10.
211 4187 336 4241 fingendi
344 4181 710 4248 ars,‘sculpture:'sculptura
756 4198 823 4231 same
840 4198 925 4231 reason
942 4198 970 4230 as
985 4183 1073 4232 Cicero
1090 4183 1192 4233 himself
1206 4183 1232 4231 in
1253 4185 1330 4247 Quin·

132 4248 153 4296 is
159 4248 271 4308 late‚and
278 4249 323 4297 has
329 4258 372 4297 not
379 4249 446 4312 quite
452 4248 493 4297 the
502 4264 655 4299 samesense:
665 4249 709 4296 but
756 4246 847 4297 tilian's
858 4263 945 4311 snrvey
956 4248 985 4296 os
999 4248 1096 4297 Roman
1112 4256 1205 4297 orators
1225 4249 1277 4313 (xii.
1291 4263 1329 4301 10.

132 4314 221 4364 Cicero
237 4330 292 4362 uses
305 4315 394 4378 sculpto,
407 4314 523 4377 sculptus,
535 4316 655 4377 exsculpo,
664 4319 710 4362 etc.
758 4311 799 4374 10)
812 4328 840 4361 as
851 4313 926 4376 being
942 4312 971 4360 in
984 4313 1098 4361 orionibus
1111 4329 1175 4377 quaa
1192 4314 1221 4362 iu
1237 4329 1332 4379 quoquc

161 4392 199 4426 12.
207 4382 371 4428 dissimiles:
382 4381 472 4436 Myro,
479 4378 574 4442 though
582 4387 710 4428 acontem·
758 4378 899 4426 laudantur
909 4377 1127 4426 cotinentissimus.

132 4444 258 4510 poraryof
265 4443 402 4508 Polyclitus
413 4443 478 4506 (tior.
486 4455 539 4494 ac.
550 4443 621 4508 432),
630 4459 710 4509 repre·
790 4445 893 4494 zeuxis
901 4442 931 4491 of
938 4442 1062 4493 Heraclea
1073 4443 1136 4508 (flor.
1144 4455 1197 4495 uc.
1208 4442 1267 4508 400)
1281 4459 1332 4494 was
