3046 5040
196 354 236 417 28
553 354 603 418 M.
630 354 771 416 TULLI
792 355 1046 420 CICERONIS

194 525 312 604 variae,
330 545 456 609 graves,
476 525 597 607 quibus
619 525 728 589 omnis
750 526 926 590 admiratio
949 527 1083 609 ingenii,
1104 527 1212 591 omnis
1235 527 1306 593 laus
1329 527 1400 592 elo·

195 630 351 719 quentiae
376 630 581 707 continetur3
615 650 713 693 nemo
738 631 826 693 enirn
853 650 1011 713 umquam
1037 639 1087 695 est
1109 638 1283 709 oratorem,
1306 632 1398 716 quod

195 731 317 795 Latine
337 731 534 815 loqueretur,
550 734 751 811 admiratus3
782 735 809 796 si
831 743 881 798 est
902 734 1005 813 aliter,
1024 735 1175 812 inrident,
1191 755 1299 818 neque
1320 757 1397 800 eum

195 843 359 898 oratorem
376 838 619 914 tantummodo,
635 837 693 900 sed
709 838 879 901 hominem
901 858 968 900 non
993 847 1131 920 putant;
1157 859 1257 901 nemo
1275 838 1398 903 extulit

195 944 270 1001 eum
291 940 408 1016 verbis,
423 941 479 1023 qui
500 941 546 1003 ita
562 941 711 1018 dixisset,
730 950 777 1018 ut,
798 942 854 1022 qui
878 942 1041 1018 adessent,
1063 941 1293 1024 intellegerent
1315 943 1427 1026 quid5

145 1056 180 1103 5³
195 1041 328 1120 diceret,
344 1045 402 1108 sed
426 1044 625 1126 contempsit
644 1064 730 1119 eum,
749 1045 805 1127 qui
827 1045 935 1107 minus
957 1045 990 1107 id
1012 1045 1119 1108 facere
1140 1047 1311 1128 potuisset.
1357 1047 1397 1109 ln

194 1165 262 1226 quo
288 1146 388 1229 igitur
413 1148 565 1212 homines
590 1148 850 1216 exhorrescunt?
896 1147 1005 1230 Quem
1029 1148 1205 1231 stupefacti
1229 1149 1396 1212 dicentem

195 1249 388 1314 intuentur?
433 1251 472 1312 In
503 1272 570 1334 quo
600 1251 812 1316 exclamant?
858 1251 968 1333 Quem
1000 1253 1109 1331 deum,
1137 1261 1173 1314 ut
1200 1252 1247 1316 ita
1276 1254 1396 1328 dicam,

195 1352 281 1416 inter
300 1351 451 1417 homines
472 1355 615 1438 putant?
660 1354 728 1438 Qui
751 1356 916 1433 distincte,
935 1356 992 1438 qui
1016 1354 1191 1437 explicate,
1213 1357 1270 1440 qui
1292 1356 1398 1420 abun-

194 1457 319 1535 danter,
330 1459 388 1539 qui
404 1457 597 1523 inluminate
612 1469 645 1522 et
658 1461 756 1523 rebus
768 1469 802 1522 et
813 1459 920 1523 verbis
936 1459 1052 1522 dicunt
1064 1469 1097 1522 et
1109 1459 1142 1521 in
1160 1459 1232 1542 ipsa
1246 1461 1397 1524 oratione
1413 1491 1445 1526 10

194 1561 289 1644 quasi
317 1563 484 1643 quendam
510 1582 683 1626 numerum
709 1583 907 1646 versumque
937 1561 1126 1638 conficiunt,
1155 1564 1188 1626 id
1219 1572 1278 1639 est,
1305 1566 1396 1647 quod

194 1663 279 1740 dico,
291 1674 417 1728 ornate.
457 1665 524 1748 Qui
541 1666 629 1729 idem
646 1668 692 1730 ita
708 1667 930 1743 moderantur,
943 1676 980 1729 ut
996 1687 1113 1741 rerum,
1127 1676 1164 1730 ut
1179 1687 1395 1748 personarum

195 1767 375 1850 dignitates
401 1769 520 1844 ferunt,
544 1770 574 1832 ei
601 1779 679 1834 sunt
706 1770 739 1832 in
766 1791 807 1832 eo
834 1789 954 1852 genere
981 1769 1139 1833 laudandi
1166 1769 1282 1848 laudiS,
1304 1773 1394 1855 quod

145 1873 182 1919 54
195 1891 258 1954 ego
278 1880 396 1953 aptum
415 1881 449 1936 et
468 1894 654 1955 congruens
671 1874 817 1936 nomino.
863 1873 929 1956 Qui
948 1874 996 1935 ita
1014 1874 1170 1952 dicerent,
1186 1894 1243 1937 eos
1259 1877 1396 1957 negavit

196 1974 305 2039 adhuc
327 1996 364 2039 se
385 1976 508 2040 vidisse
530 1976 700 2040 Antonius
721 1987 755 2041 et
775 1978 822 2041 eis
845 1976 908 2040 hoc
931 1998 1053 2041 nomen
1077 1978 1165 2041 dixit
1187 1978 1396 2061 eloquentiae
1412 2004 1443 2058 15

195 2077 274 2141 solis
290 2099 363 2142 esse
378 2078 601 2144 tribuendum.
647 2080 723 2163 Qua
740 2102 774 2143 re
789 2101 906 2143 omnes
922 2081 1003 2144 istos
1024 2101 1078 2144 me
1095 2089 1229 2145 auctore
1247 2084 1397 2149 deridete

196 2191 297 2264 atque
327 2184 539 2261 contemnite,
568 2184 625 2268 qui
658 2205 693 2248 se
723 2185 850 2263 horum,
881 2185 938 2267 qui
973 2204 1061 2247 nunc
1095 2185 1142 2248 ita
1176 2185 1396 2267 appellantur,

195 2286 364 2350 rhetorum
401 2289 586 2370 praeceptis
619 2309 752 2352 ornnem
787 2290 964 2352 oratoriam
995 2290 1062 2352 vim
1094 2288 1289 2371 complexos
1323 2309 1397 2354 esse

196 2390 396 2454 arbitrantur
411 2411 519 2474 neque
534 2392 642 2456 adhuc
657 2412 757 2476 quam
777 2413 953 2475 personam
969 2401 1106 2455 teneant
1124 2403 1181 2456 aut
1197 2395 1276 2476 quid
1293 2393 1394 2477 profi-

434 2548 471 2595 18.
490 2546 627 2595 oratoriam
639 2545 683 2595 KS
695 2545 801 2595 Bakium
813 2543 904 2595 secuti:
922 2550 1049 2594 oratorum
1061 2562 1080 2591 ω
1091 2545 1160 2594 PFr.

230 2692 252 2728 1.
269 2680 372 2736 quibus
380 2681 640 2741 ...continetur,‘on
648 2678 771 2729 which...
851 2680 1043 2737 moderantur,
1056 2674 1190 2741 ‘manage’

196 2743 322 2808 depende!
854 2756 892 2804 13.
905 2746 1068 2803 dignitates,
1081 2743 1137 2791 ‘the
1148 2742 1232 2792 varied
1244 2744 1332 2794 claims
1341 2745 1370 2794 of
1372 2744 1391 2796 ι’

229 2823 253 2869 3.
271 2814 314 2857 est
325 2811 419 2869 aliter,
432 2810 488 2858 ‘the
498 2825 555 2859 case
565 2809 587 2858 is
599 2808 743 2859 otherwise!
819 2808 857 2856 sor
867 2809 909 2857 the
921 2809 1002 2871 plural
1016 2807 1044 2856 ol
1057 2808 1164 2857 abstract
1180 2810 1342 2859 substantives
1354 2827 1394 2875 op.

228 2889 252 2936 4.
262 2889 321 2923 non
336 2875 529 2937 putant,‘they
539 2875 651 2924 refuseto
660 2874 773 2924 consider
819 2874 895 2922 Fabri
917 2889 950 2922 on
972 2873 1026 2921 Liv.
1047 2874 1105 2921 xxii.
1124 2890 1170 2936 40;
1199 2875 1252 2924 Cic.
1271 2875 1303 2923 ad
1323 2877 1396 2926 Fam.

195 2938 267 2998 him,'
288 2955 349 3002 goes
370 2940 432 2988 with
456 2946 579 2989 oratorem
607 2956 634 2989 as
659 2940 717 2989 well
745 2956 772 2989 as
819 2939 851 2988 iv.
874 2940 896 2988 8.
918 2953 931 2986 2
954 2939 1122 2988 ‘nobilitatem
1139 2956 1197 2988 vero
1218 2947 1243 2988 et
1262 2941 1396 3004 dignitates

195 3004 327 3054 hominem.
818 3003 947 3052 hominum
964 3012 1083 3068 qnantum
1098 3005 1121 3053 ei
1138 3020 1175 3053 res
1190 3013 1215 3053 et
1230 3006 1307 3069 ipsius
1321 3022 1397 3056 causa

229 3069 253 3119 6.
263 3073 440 3126 contempsit,
448 3069 463 3119 i.
468 3087 488 3118 e.
496 3086 569 3133 every
577 3085 632 3131 one,
641 3070 772 3134 suggested
819 3069 939 3128 concedit,
951 3068 1107 3133 amplectitur
1115 3069 1135 3119 :'
1154 3071 1221 3119 Orat.
1235 3073 1280 3134 89:
1293 3071 1396 3135 Seyffert

196 3135 230 3199 by
241 3150 340 3185 nemo:
357 3151 395 3198 cp.
407 3135 469 3184 Hor.
481 3135 532 3187 Sat.
545 3138 617 3186 i.1.r
635 3140 642 3164 ‘
650 3138 692 3200 qui
705 3137 732 3185 fit
744 3143 772 3185 ut
819 3151 851 3182 on
868 3134 937 3183 Lael.
957 3138 986 3194 §5
1005 3135 1103 3196 51,68:
1127 3136 1232 3199 Dr'ager,
1250 3138 1317 3199 Synt.
1335 3143 1348 3196 ξ
1363 3147 1396 3201 7:

195 3215 269 3250 nemo
281 3232 287 3250 .
301 3208 464 3252 ..contentus
481 3201 556 3263 vivat,
574 3201 660 3251 laudat
677 3202 772 3252 diversa
818 3200 869 3250 and
880 3201 965 3261 above,
979 3201 994 3248 i.
1008 3199 1047 3261 36.

196 3264 342 3329 sequentes,’
358 3265 439 3316 where
459 3267 500 3316 the
519 3268 610 3317 editors
628 3275 702 3331 quote
722 3267 771 3317 this
850 3268 951 3321 laudis,
978 3264 1147 3326 ‘excellence’
1170 3266 1241 3316 men't
1265 3266 1395 3332 deserving

196 3347 309 3397 passage,
322 3332 372 3380 and
382 3331 437 3395 Juv.
449 3333 482 3381 vi.
497 3342 534 3394 17.
818 3333 905 3394 praise,
916 3346 944 3379 as
955 3332 1029 3381 often.

228 3400 260 3446 in
280 3412 356 3456 quo.
372 3434 378 3447 .
391 3433 396 3445 .
409 3403 633 3448 exhorrescunt?
661 3398 732 3448 ‘who
750 3397 771 3446 is
853 3410 890 3458 14.
909 3401 1032 3454 negavit,
1043 3397 1059 3445 i.
1072 3411 1117 3460 94:
1135 3412 1174 3446 see
1187 3397 1229 3445 the
1241 3405 1348 3448 context.

196 3462 216 3513 it
228 3464 286 3512 then
298 3463 355 3512 who
367 3463 447 3512 thrills
459 3464 497 3512 his
510 3463 656 3514 audienoei'
853 3460 890 3510 16.
907 3477 951 3512 me
964 3468 1086 3523 auctore,
1099 3466 1106 3490 ‘
1113 3462 1136 3510 is
1143 3463 1155 3510 I
1166 3477 1224 3526 may
1234 3463 1317 3512 advise
1326 3462 1394 3527 you,'

229 3529 251 3576 8.
269 3532 360 3588 deum,
374 3530 389 3577 i.
401 3529 455 3578 106.
817 3528 834 3576 i.
847 3541 886 3590 54

228 3608 252 3659 9.
271 3597 405 3643 distinete
417 3611 496 3644 seems
503 3602 530 3644 to
538 3594 610 3643 differ
617 3595 770 3658 sromplam,
852 3594 889 3639 18.
898 3597 1079 3653 oratoriam,a
1088 3593 1223 3642 correction
1231 3592 1396 3644 olBalre'sfor

197 3659 231 3722 by
249 3659 368 3722 denoting
387 3659 429 3709 the
449 3660 569 3709 clearness
586 3660 668 3709 which
688 3675 771 3709 comes
817 3664 943 3706 watonem
958 3660 987 3707 os
1000 3658 1042 3708 the
1060 3657 1131 3708 MSS.
1165 3659 1219 3708 Pid.
1232 3667 1350 3722 attempts
1368 3668 1397 3711 to

195 3723 260 3773 from
285 3741 300 3773 a
324 3725 409 3773 skilsul
434 3741 504 3774 arran
523 3735 613 3784 ement,
636 3741 663 3774 as
686 3725 771 3773 distin·
818 3723 907 3771 defend
923 3724 965 3772 the
982 3724 1072 3787 plural,
1085 3739 1112 3772 as
1129 3724 1190 3772 used
1206 3724 1244 3772 for
1261 3732 1396 3789 symmetry

196 3789 300 3854 guished
315 3791 379 3838 from
393 3792 435 3840 the
448 3742 669 3854 intelligibilityor
681 3790 772 3855 simple
818 3788 879 3837 with
900 3792 1058 3839 rhetorum:
1089 3790 1132 3837 but
1153 3789 1220 3838 there
1243 3791 1264 3838 is
1286 3806 1320 3843 no
1342 3794 1394 3840 real

197 3856 328 3920 language.
818 3854 977 3916 parallelism.
1010 3855 1052 3903 He
1065 3854 1155 3903 admits
1166 3854 1220 3903 that
1231 3856 1274 3904 the
1285 3856 1397 3919 singular

231 3935 268 3969 12.
278 3927 376 3970 ornate
382 3921 771 3981 dioereincludesthecleamess,
817 3918 902 3968 would
919 3921 948 3967 be
967 3921 1096 3968 otherwise
1113 3920 1234 3983 required,
1249 3936 1277 3968 or
1291 3923 1334 3970 the
1352 3921 1396 3970 ad·

195 3987 289 4036 artistic
296 3986 471 4050 development
479 3988 508 4037 of
510 3987 552 4036 the
560 3988 648 4048 theme,
657 3989 772 4052 copious·
815 3983 911 4047 jective,
924 3985 1005 4033 which
1020 3993 1155 4050 represents
1171 3986 1197 4033 it.
1231 3985 1287 4034 The
1299 3986 1396 4050 change

195 4067 257 4108 ness,
263 4052 373 4101 brilliant
380 4053 498 4117 thoughts
505 4053 553 4100 and
561 4054 662 4117 phrases
671 4059 697 4114 (ξ
705 4053 771 4115 201),
819 4051 840 4098 is
852 4050 928 4112 slight
942 4051 990 4098 and
1007 4051 1095 4114 highly
1111 4050 1240 4114 probable.
1269 4052 1316 4115 Cp.
1328 4053 1344 4100 i.
1357 4066 1395 4102 21.

195 4117 246 4164 and
262 4133 278 4165 a
294 4116 444 4180 rhythmical
462 4119 572 4182 periodic
589 4118 659 4181 style.
695 4119 726 4166 id
738 4124 774 4165 est
819 4115 923 4178 64,167,
934 4125 980 4164 etc.

197 4182 256 4246 (qui
270 4183 379 4248 dicunt),
392 4184 459 4248 quod
470 4183 523 4233 dico
536 4190 622 4233 ammte
638 4184 658 4232 is
673 4184 715 4233 the
726 4182 773 4231 rull
854 4194 891 4243 19.
909 4195 1065 4241 personam,
1087 4179 1170 4245 ‘part'
1189 4198 1217 4230 or
1236 4181 1394 4246 ‘character,’

195 4248 369 4297 construction.
818 4245 879 4296 with
890 4262 905 4295 a
917 4247 1046 4310 metaphor
1058 4249 1121 4297 from
1132 4248 1174 4296 the
1185 4256 1261 4311 stage.

228 4315 313 4372 idem,
341 4321 433 4374 neuter,
462 4315 503 4364 the
532 4315 626 4364 artistic
656 4314 717 4377 style
747 4313 777 4363 of
852 4317 968 4360 teneant
980 4313 1114 4377 isaslight
1127 4313 1171 4361 but
1182 4313 1305 4377 probably
1313 4313 1396 4376 legiti-

196 4378 324 4442 speaking.
360 4379 523 4443 (IdasReid
535 4381 618 4444 points
630 4387 681 4441 out,
689 4378 773 4429 would
818 4378 1012 4426 materariation
1021 4379 1058 4427 ior
1066 4380 1107 4427 the
1116 4393 1230 4427 common
1241 4378 1395 4434 stutincant:

195 4443 226 4493 be
237 4458 306 4493 more
316 4445 434 4509 natural).
818 4459 839 4492 e.
844 4459 870 4508 g.
881 4459 927 4509 pro
939 4445 1004 4494 Mur.
1018 4458 1040 4506 3.
1053 4443 1075 4506 6,
1089 4452 1134 4496 etc.
