3046 5040
543 350 612 411 DE
633 349 853 412 ORATORE
871 349 942 412 III.

1279 371 1339 436 113

143 519 220 585 huic
235 521 390 585 adiuncta
406 519 524 584 inlusio
540 543 560 585 a
575 522 759 604 praeceptis
776 521 926 586 Caesaris
942 542 1007 584 non
1024 520 1223 598 abhorrens3
1246 535 1280 589 et
1295 527 1340 589 ab
1354 540 1408 587 aaa

145 646 180 689 re
202 627 370 708 digressi0,
395 626 427 688 in
450 646 515 706 qua
538 615 613 688 curn
637 624 731 689 fuerit
754 625 946 702 delectati0,
962 636 1034 689 tum
1058 627 1183 691 reditus
1205 628 1248 690 ad
1272 650 1340 691 rem

145 740 243 812 aptus
258 738 292 793 et
312 730 488 794 concinnus
509 750 581 793 esse
600 729 754 806 debebit3
775 730 1025 812 propositioque
1039 731 1119 811 quid
1135 732 1180 794 sis
1195 732 1341 796 dicturus

146 844 180 897 et
194 835 238 897 ab
254 855 302 908 ea,
320 836 409 917 quod
429 843 479 899 est
499 834 636 908 dictum,
657 833 817 897 seiunctio
839 843 872 898 et
889 834 1012 897 reditus
1027 835 1069 897 ad
1086 836 1293 918 propositum
1309 845 1343 900 et

116 939 276 1007 siteratio
303 948 336 1002 et
362 938 497 1002 rationis
527 948 606 1020 apta
637 937 822 1014 conclusi03
858 947 930 1001 turn
961 939 1105 1019 augendi
1133 939 1342 1003 minuendive

145 1063 244 1106 causa
259 1042 405 1105 veritatis
428 1041 606 1124 supralatio
629 1051 729 1123 atque
751 1042 920 1115 traiecti03
948 1051 981 1105 et
1000 1043 1129 1124 rogatio
1146 1052 1247 1124 atque
1264 1043 1342 1106 huic

147 1187 201 1251 quit
229 1202 304 1250 quam
333 1186 441 1249 positum
470 1192 507 1234 est
534 1184 559 1232 in
588 1181 717 1233 oratione.’

147 1252 232 1314 Quint.
244 1251 295 1300 viii.
315 1264 336 1310 3,
357 1253 387 1311 85
406 1251 500 1298 ‘vicina
518 1249 656 1314 [brevitati]
674 1249 718 1298 sed

147 1317 253 1380 amplior
264 1317 340 1365 virtus
350 1324 386 1366 est
398 1314 507 1379 ἔμφασις,
524 1314 637 1364 altiorem
649 1330 718 1379 prae·

147 1385 206 1432 bens
215 1382 367 1431 intellectum
379 1397 455 1446 quam
467 1397 541 1445 quem
553 1382 627 1428 verba
638 1396 683 1444 per
693 1395 719 1428 se

147 1450 202 1512 ipsa
213 1447 344 1497 declarant.
379 1448 439 1495 Eius
446 1447 509 1495 duae
518 1446 613 1510 species
620 1462 627 1501 ς
641 1445 719 1494 altera

147 1529 210 1577 quae
232 1513 289 1576 plus
305 1513 428 1575 significat
447 1528 523 1576 quam
540 1511 617 1571 dicit;
643 1510 720 1559 altera

148 1594 210 1643 quae
221 1579 296 1627 etiam
309 1578 335 1626 id
347 1577 414 1642 quod
426 1593 475 1625 nou
487 1574 577 1626 dicit!-

182 1647 316 1692 distinote
335 1646 448 1692 concisa
470 1645 602 1702 brevitas,
626 1643 720 1703 βραχυ·

148 1708 239 1770 λογίαι
270 1709 437 1758 ‘conciseness
460 1708 566 1756 without
594 1722 643 1769 any
667 1721 719 1754 sac·

148 1774 216 1823 rifice
233 1775 263 1823 of
276 1774 412 1824 cleamess.'
446 1773 493 1837 Cp.
505 1780 563 1822 note
580 1788 611 1821 on
625 1772 650 1820 ii.
664 1783 720 1834 159,

150 1853 206 1903 3²7·
241 1841 326 1903 Quint.
344 1839 394 1887 viii.
413 1853 435 1900 5,
454 1840 484 1886 81
503 1839 568 1886 ‘hoc
584 1837 650 1885 male
665 1837 720 1884 imi·

151 1912 231 1955 tantes
243 1905 352 1969 sequitur
361 1901 515 1963 obscuritas,'
521 1904 553 1952 ad
561 1903 622 1951 Her.
634 1903 667 1951 iv.
680 1901 720 1950 68.

182 1974 354 2029 extenuatio,
381 1966 608 2033 ‘disparagement'
632 1967 722 2028 ἐξουδε-

150 2035 233 2094 stands
243 2036 314 2086 when
322 2035 429 2084 directed
437 2035 533 2098 against
542 2050 574 2082 an
586 2036 720 2097 opponent,

151 2100 253 2163 μείωσις,
268 2101 339 2149 when
357 2101 416 2149 used
434 2101 462 2149 of
476 2099 518 2148 the
535 2099 640 2163 speaker
658 2097 722 2145 him·

151 2168 199 2217 self
206 2185 213 2216 r
230 2167 299 2216 Orat.
315 2176 360 2229 137
377 2169 419 2214 ‘ut
436 2171 548 2214 extenuet
565 2161 677 2227 aliquid,'
689 2161 721 2211 ad

152 2234 213 2283 Her.
230 2233 263 2281 iv.
282 2245 314 2293 50
332 2231 484 2280 ‘deminutio
501 2236 537 2279 est
554 2245 611 2278 cum
628 2227 722 2291 aliquid

151 2299 228 2348 inesse
239 2298 264 2345 in
276 2296 348 2345 nobis
357 2302 399 2345 aut
408 2295 433 2344 in
444 2296 479 2345 eis
488 2311 550 2360 quos
558 2294 722 2352 defendimus,

151 2371 194 2413 aut
224 2369 313 2412 natura
339 2368 382 2410 aut
411 2362 508 2410 fortuna
536 2367 578 2409 aut
603 2358 723 2408 industria

151 2430 258 2479 dicimus
275 2427 415 2491 egregium:
433 2427 509 2491 quod,
520 2441 551 2474 ne
568 2441 617 2488 qua
629 2422 722 2488 signifi-

152 2501 220 2544 cetur
236 2493 358 2556 adrogans
376 2492 516 2551 ostentatio,
534 2490 684 2540 deminuitar
699 2494 722 2538 et

151 2565 291 2609 attenuatur
302 2556 430 2607 oratione.'

187 2638 207 2674 1.
233 2627 347 2683 inlusio,
376 2620 525 2685 ‘mockery‚'
547 2619 674 2683 διασυρμός
696 2634 725 2667 or

152 2686 300 2750 χλευασμός,
315 2692 356 2736 ‘ut
365 2685 476 2737 irrideat’
488 2688 557 2736 Orat.
574 2697 627 2750 157,
637 2685 724 2750 Aquil.

153 2756 228 2805 Rom.
243 2768 272 2816 15
285 2751 426 2816 ίδιασυρμός
436 2753 543 2802 elevatio
554 2753 594 2801 vel
604 2753 683 2800 irrisio
695 2766 725 2799 ea

153 2821 286 2885 figuraest,
298 2834 347 2883 qua
358 2819 475 2876 ludentes,
492 2833 555 2882 quae
567 2818 682 2868 dicuntur
692 2816 724 2863 ab

152 2885 305 2944 adversariis,
330 2883 497 2944 dissolvimus,
519 2883 599 2947 qualis
621 2889 658 2932 est
681 2880 725 2928 ille

153 2951 223 3001 locus
239 2967 286 3014 pro
304 2950 408 2999 Murena
427 2949 451 2997 in
470 2949 608 3012 Sulpicium
625 2949 656 2997 de
673 2947 725 2994 iure

154 3016 238 3065 civili’
262 3017 303 3080 (§§
323 3029 352 3078 15
372 3014 419 3076 fi).
454 3014 614 3077 Quintilian's
633 3028 676 3062 use
700 3009 729 3059 of

153 3082 240 3131 illusio
262 3081 361 3144 ‘irony'
384 3080 446 3144 (viii.
466 3080 491 3140 6,
513 3079 565 3143 54),
583 3077 675 3144 quoted
693 3076 726 3138 by

154 3144 218 3207 Pru,
230 3147 252 3194 is
263 3148 330 3210 quite
341 3145 462 3195 different.

188 3215 330 3261 Caesaris:
346 3211 371 3260 ii.
386 3209 430 3258 161
444 3210 478 3270 ft,
493 3209 540 3275 269
551 3209 576 3258 fi.

189 3291 210 3325 1.
229 3279 375 3334 digressio,
394 3275 547 3338 παρέκβασις,
563 3278 603 3324 ‘ut
620 3275 726 3326 declinet

155 3343 306 3407 aproposito
313 3341 474 3406 deflectatque
481 3341 635 3390 sententiam'
644 3342 725 3402 (Orat.

154 3407 212 3470 lc)
232 3407 314 3457 where
333 3406 435 3469 Sandys'
455 3407 527 3470 ‘give
542 3423 558 3454 a
575 3408 628 3455 bias
644 3406 686 3455 to'
705 3407 726 3455 is

155 3473 243 3536 hardly
254 3477 332 3522 exact.
373 3473 420 3537 Cp.
435 3472 518 3536 Quint.
535 3472 567 3520 ix.
582 3485 605 3533 2,
617 3471 656 3533 56,
669 3472 726 3520 who

153 3539 223 3603 gives
233 3537 366 3602 examples.

189 3617 211 3665 3.
225 3606 388 3661 propositio,
397 3600 543 3664 προέκθεσις,
554 3605 562 3628 ⁴
568 3607 594 3650 ut
604 3608 727 3667 proponat

156 3669 215 3732 quid
223 3669 334 3718 dicturus
340 3670 373 3717 sit
379 3666 385 3688 '
392 3668 470 3732 (Orat.
476 3668 539 3729 l.c.);
546 3667 578 3715 ad
586 3667 647 3716 Her.
656 3667 687 3718 iv.
696 3680 725 3729 35

158 3734 285 3783 ‘transitio
312 3741 414 3782 vocatur
442 3749 504 3797 quae
531 3748 587 3782 cum
618 3733 727 3781 ostendit

156 3800 262 3849 breviter
281 3798 340 3863 quid
359 3799 453 3847 dictum
474 3800 513 3854 sit,
531 3798 647 3862 proponit
666 3798 726 3846 item

155 3865 224 3914 brevi
242 3864 302 3930 quid
322 3872 492 3927 consequatur,
512 3863 561 3911 hoc
581 3864 671 3912 modo:
701 3863 727 3910 in

156 3937 283 3994 parentem
294 3930 363 3979 cuius
374 3929 444 3977 modi
456 3928 529 3977 fuerit
539 3928 651 3978 habetis:
662 3942 728 3977 nunc

156 4011 246 4060 parens
257 3995 337 4057 qualis
348 3994 468 4043 exstiterit
477 3990 644 4042 considerate.'

190 4075 213 4124 4
231 4063 379 4120 seiunctio,
393 4062 435 4107 ‘ut
452 4074 508 4108 cum
524 4059 669 4123 transegerit
680 4057 728 4106 ali-

173 4126 223 4187 uid,
233 4123 345 4174 definiat'
355 4126 436 4187 (Orat.
444 4124 460 4174 l.
468 4125 512 4187 c.),
519 4125 655 4187 amarking
662 4123 698 4172 off
703 4122 732 4172 of

155 4142 198 4242 ihs
221 4191 303 4256 topics
326 4190 427 4253 already
451 4189 544 4239 treated
570 4189 634 4238 from
658 4189 728 4238 those

157 4256 239 4306 which
251 4273 292 4306 are
303 4263 330 4306 to
341 4256 434 4306 follow.
469 4255 515 4304 See
525 4253 629 4318 Sandys'
639 4263 706 4303 note.

189 4326 315 4371 reditus:
344 4338 359 4370 a
373 4326 454 4370 return
471 4321 534 4370 after
549 4336 564 4368 a
581 4320 726 4383 digression,

156 4394 201 4436 not
219 4388 289 4452 quite
304 4387 346 4435 the
364 4402 432 4436 same
446 4402 474 4435 as
485 4385 604 4446 ἐπάνοδος,
615 4384 698 4434 which
708 4385 729 4433 is

769 1184 870 1249 already
886 1185 948 1234 been
966 1184 1051 1248 briefly
1063 1201 1091 1234 or
1108 1186 1238 1249 obscurely
1253 1186 1341 1236 stated.

770 1253 817 1315 Cp.
829 1249 933 1315 Sandys'
944 1257 1001 1299 note
1013 1267 1045 1299 on
1058 1251 1126 1299 Orat.
1142 1261 1187 1314 137
1201 1255 1243 1300 ‘ut
1252 1268 1278 1301 se
1289 1253 1343 1317 ipse

769 1314 882 1366 revocet)
917 1317 964 1364 We
981 1315 1045 1366 have
1063 1316 1185 1365 instances
1200 1318 1229 1366 of
1246 1318 1294 1368 this
1316 1318 1342 1366 in

773 1386 801 1441 ξς
814 1391 923 1445 9o,·137‚
936 1381 962 1432 ii.
978 1389 1023 1443 157
1036 1381 1084 1429 and
1098 1398 1156 1446 very
1168 1382 1243 1432 often.

804 1460 826 1509 5.
843 1450 973 1496 iteratio:
1000 1447 1043 1496 the
1059 1448 1188 1511 repetition
1206 1448 1235 1495 of
1249 1463 1281 1496 an
1296 1447 1342 1495 im-

770 1519 870 1577 portant
890 1510 1006 1575 thought,
1027 1515 1070 1560 ‘ut
1088 1512 1154 1576 quod
1174 1512 1237 1562 dixit
1256 1510 1343 1571 iteret,’
1372 1549 1381 1558 ,

771 1579 840 1627 Orat.
851 1578 893 1627 l.c.
919 1577 981 1625 This
988 1592 1015 1625 as
1022 1576 1120 1641 afigure
1130 1577 1158 1626 of
1161 1577 1268 1641 thought
1276 1583 1344 1626 must

771 1645 802 1692 be
819 1642 999 1706 distinguished
1016 1642 1080 1691 from
1092 1642 1134 1692 the
1149 1644 1279 1707 repetition
1291 1642 1321 1691 oi
1328 1659 1344 1691 a

770 1708 847 1768 word,
869 1708 952 1757 which
971 1708 992 1756 is
1012 1724 1028 1756 a
1047 1707 1124 1772 figure
1142 1708 1171 1756 of
1186 1708 1282 1772 speech,
1301 1708 1344 1757 the

767 1774 905 1838 genrinatia
924 1773 980 1832 oft
1000 1771 1055 1822 206.
1090 1773 1199 1841 Rutilius
1217 1774 1309 1838 Lupus,
1326 1774 1343 1823 i.

773 1844 786 1899 ς
798 1853 836 1897 11,
844 1839 928 1900 brings
937 1837 999 1887 both
1010 1839 1087 1887 under
1099 1838 1140 1887 the
1152 1836 1344 1888 1101110111ον6-

771 1907 849 1967 ληψις,
869 1904 918 1952 and
937 1904 1006 1967 gives
1024 1919 1102 1952 asan
1121 1904 1235 1968 example
1254 1905 1283 1952 of
1302 1904 1345 1952 the

772 1971 863 2018 former
883 1969 944 2017 kind
969 1972 1010 2017 ‘at
1033 1984 1081 2032 ego
1107 1968 1132 2017 in
1155 1969 1192 2018 his
1221 1969 1345 2018 aerumnis

772 2035 859 2084 amicis
876 2050 931 2083 sum
949 2034 1069 2098 spoliatus
1089 2035 1212 2094 omnibus,
1233 2034 1346 2084 iudices:

773 2101 815 2165 qui
827 2115 877 2148 non
894 2100 961 2164 quod
979 2115 1019 2148 me
1036 2100 1152 2161 odissent,
1165 2100 1208 2149 sed
1220 2100 1287 2164 quod
1299 2100 1346 2148 ini·

773 2167 894 2214 micorum
911 2164 1043 2214 factionem
1059 2165 1248 2228 pertimuissent,
1263 2181 1303 2213 me
1320 2165 1346 2213 in

773 2231 845 2280 malis
856 2228 1031 2280 deseruerunt'
1065 2229 1127 2278 This
1142 2230 1207 2279 form
1219 2230 1248 2278 of
1256 2231 1346 2294 repeti-

774 2297 827 2345 tion
835 2297 898 2345 aims
907 2302 933 2343 at
943 2295 1062 2344 cleamess
1072 2294 1233 2359 (Volkmann,
1242 2312 1267 2360 p.
1276 2294 1345 2359 557),

773 2369 817 2410 not
828 2368 854 2409 at
865 2360 997 2410 rhetorical
1005 2360 1138 2423 emphasis.

806 2429 926 2475 rationis
949 2431 1015 2482 apta
1035 2429 1192 2475 conclusio:
1219 2426 1275 2476 ‘the
1297 2426 1345 2481 ior·

774 2491 827 2541 mal
844 2507 886 2539 use
904 2491 933 2539 of
948 2507 963 2539 a
982 2489 1126 2554 syllogism.'
1161 2492 1229 2542 Orat
1242 2491 1286 2540 l.c.
1303 2495 1347 2540 ‘ut

775 2564 947 2621 argumentum
967 2557 1063 2604 ratione
1084 2555 1223 2621 (logically)
1247 2556 1347 2606 conclu-

775 2621 837 2681 dat,’
855 2622 887 2669 ad
905 2621 965 2670 Her.
983 2621 1014 2668 iv.
1032 2635 1061 2684 41
1077 2621 1218 2670 ‘conclusio
1234 2628 1270 2671 est
1282 2637 1347 2685 quae

774 2687 843 2736 brevi
864 2687 1076 2750 argumentatione
1097 2702 1127 2735 ex
1146 2687 1188 2747 eis,
1210 2702 1272 2750 quae
1290 2693 1347 2735 ante

775 2754 842 2802 dicta
856 2759 911 2800 sunt
922 2760 964 2800 aut
975 2753 1047 2807 facta,
1060 2751 1158 2801 conficit
1176 2752 1236 2816 quid
1252 2767 1345 2801 necess·

776 2819 828 2868 ario
846 2816 976 2882 sequatur,'
994 2815 1168 2878 συμπέρασμσε
1186 2833 1224 2881 cp.
1240 2818 1271 2866 de
1290 2817 1346 2866 Fin.

776 2885 792 2933 i.
807 2897 836 2930 22
850 2883 992 2946 ‘quomodo
1007 2882 1127 2932 efficiatur
1140 2883 1346 2947 concludaturque

776 2949 855 3008 ratio,'
873 2949 908 2998 iii.
928 2957 958 3010 17
977 2951 984 2975 ‘
993 2948 1173 2996 concluduntur
1188 2949 1264 3013 igitur
1275 2963 1346 3012 argu·

776 3022 858 3064 menta
869 3029 953 3062 eorum
964 3013 1001 3062 sic
1012 3010 1067 3062 etc.’

809 3078 834 3128 6.
851 3081 979 3128 veritatis
990 3081 1144 3135 supralatio
1156 3083 1239 3136 atque
1249 3081 1348 3128 traiec-

777 3142 1348 3208 tio,‘exaggeratiom’inspiratrifsaepesupra

777 3210 838 3258 feret
847 3223 920 3272 quam
930 3208 982 3258 fieri
991 3207 1082 3272 possit’
1095 3209 1164 3257 Orat.
1176 3223 1231 3273 139,
1241 3210 1274 3258 ad
1284 3209 1346 3257 Her.

777 3276 809 3323 iv.
821 3289 854 3337 44
862 3274 1010 3337 ‘supralatio
1021 3280 1057 3323 est
1070 3275 1150 3322 oratio
1162 3290 1278 3338 superans
1287 3274 1348 3322 veri·

777 3347 854 3389 tatem
865 3340 971 3403 augendi
982 3339 1136 3388 minuendive
1144 3355 1218 3388 causa
1226 3338 1233 3360 '
1239 3357 1245 3398 ;
1264 3340 1348 3401 Quint.

778 3407 829 3454 viii.
850 3403 874 3463 6,
895 3406 927 3453 68
949 3404 1121 3468 ι(1170111010)
1138 3411 1174 3453 est
1191 3405 1280 3453 decens
1296 3405 1348 3452 veri

778 3466 938 3533 superiectio!
972 3471 1008 3518 M
1023 3469 1071 3517 and
1092 3470 1134 3518 the
1156 3471 1209 3518 best
1230 3469 1302 3519 MSS.
1321 3469 1347 3516 in

779 3536 864 3599 Quint.
875 3536 909 3584 ix.
924 3549 946 3596 r,
960 3548 990 3598 ²9
1007 3535 1063 3599 give
1077 3535 1225 3599 supralatio,
1239 3541 1348 3598 rsuper·

778 3602 846 3650 latia.
881 3601 929 3664 Cp.
942 3599 1040 3649 L.&S.
1053 3600 1235 3663 strupraiii.
1259 3606 1348 3663 supra·

778 3667 840 3714 latia
857 3666 905 3714 and
924 3666 1036 3714 traiectio
1053 3681 1094 3714 are
1112 3665 1173 3713 both
1189 3671 1306 3729 attempts
1322 3672 1349 3713 to
1411 3713 1414 3717 .

778 3731 894 3780 translate
906 3730 1046 3793 ὑπερβολήε
1063 3747 1101 3794 cp.
1113 3730 1198 3779 ‘verba
1209 3727 1348 3794 supralata'

778 3797 804 3845 in
815 3797 881 3845 Part.
896 3797 938 3845 Or.
951 3796 974 3852 6,
988 3809 1026 3844 1ο.
1053 3796 1137 3858 Quint.
1149 3796 1182 3843 ix.
1197 3810 1218 3854 2,
1232 3811 1246 3857 3
1258 3795 1348 3859 adopts

777 3862 820 3910 the
836 3862 933 3926 phrase,
949 3860 1041 3924 having
1054 3861 1105 3924 just
1122 3861 1205 3909 before
1221 3861 1314 3924 quoted
1328 3860 1349 3909 it

778 3927 843 3975 from
855 3928 956 3986 Cicero;
974 3928 1018 3976 but
1029 3927 1055 3974 in
1068 3931 1080 3985 5
1095 3939 1142 3988 104
1155 3926 1267 3975 traiectio
1278 3924 1349 3974 hasa

796 3993 846 4042 uite
858 3992 969 4041 different
981 4007 1058 4051 sense,
1075 3991 1124 4040 and
1138 3990 1181 4039 ffle
1196 3991 1311 4054 meaning
1321 3991 1348 4039 in

778 4009 863 4122 Ouint.
875 4058 925 4106 viii.
939 4071 961 4119 2,
976 4070 1007 4119 14
1021 4057 1095 4120 again
1112 4055 1193 4105 differs
1210 4056 1273 4104 from
1287 4056 1349 4105 both

778 4124 847 4172 these
865 4138 928 4183 uses,
948 4123 1064 4186 agreeiug
1080 4122 1140 4170 with
1160 4121 1215 4170 that
1232 4121 1308 4170 found
1322 4121 1349 4170 in

779 4189 849 4238 Orat.
864 4203 875 4236 2
879 4202 919 4249 30,
931 4189 1005 4251 being
1016 4187 1076 4236 used
1088 4187 1117 4235 of
1125 4187 1282 4250 hyperbaton.

811 4257 927 4312 rogatio,
961 4253 1075 4315 ἐρώτησις
1105 4254 1147 4300 ‘ut
1174 4251 1349 4317 interrogando
1442 4251 1448 4261 “

780 4318 883 4382 urgeat’
896 4320 977 4384 (Orat
986 4318 1003 4368 l.
1010 4317 1051 4382 c.),
1062 4316 1143 4367 where
1153 4317 1196 4367 the
1207 4319 1320 4382 question
1328 4319 1350 4366 is

780 4384 873 4448 merely
883 4384 922 4433 ior
932 4383 1063 4434 rhetorical
1075 4381 1152 4443 effect,
1163 4398 1190 4432 as
1202 4383 1227 4432 in
1237 4384 1293 4433 Cat.
1304 4383 1326 4432 i.·
1336 4397 1347 4430 1

157 4452 240 4503 rather
256 4468 272 4502 a
288 4451 362 4503 fuller
380 4451 540 4516 explanation
559 4451 589 4501 of
601 4450 667 4500 what
683 4450 729 4500 has
782 4452 927 4516 ‘quousque
937 4448 1036 4500 tandem
1042 4446 1350 4514 Catilina'andQuint.ix.

746 4546 760 4596 1
