3046 5040
189 344 251 426 136

537 345 588 407 M.
614 345 645 404 Τ
643 345 752 406 ULLI
775 344 1031 408 CICERONIS

187 534 390 596 quamquam
403 535 442 578 ea
455 515 520 577 tela
532 515 658 579 texitur
670 525 703 578 et
715 536 754 579 ea
769 515 803 579 in
815 514 949 580 civitate
959 516 1044 580 ratio
1054 515 1184 581 vivendi
1197 517 1387 600 posteritati

187 617 383 694 ostenditur,
399 628 435 680 ut
451 639 565 682 eorum
580 619 712 696 civium,
727 639 810 702 quos
826 620 929 683 nostri
944 629 1055 703 patres
1070 640 1137 684 non
1151 621 1307 698 tulerunt,
1319 622 1387 685 iam

186 721 303 783 similis
317 721 438 784 habere
453 721 644 803 cupiamus!
681 722 807 797 ‘Mitte
819 719 974 800 obsecr0‚‘
991 724 1098 805 inquit
1109 727 1117 755 ‘
1128 722 1267 798 Crasse,’
1281 725 1387 790 Iulius

187 829 391 888 ‘sermonem
418 826 517 890 istum
544 835 577 889 et
601 835 636 889 te
661 827 704 889 ad
733 824 872 890 Gracchi
898 825 1043 890 fistulam
1069 827 1167 902 reser;
1202 828 1295 891 cuius
1322 849 1386 911 ego

127 923 175 993 61
188 929 335 991 nondum
348 926 446 1011 plane
462 930 622 993 rationem
638 928 812 1012 intellego.'
850 929 904 992 ‘In
917 930 1006 994 omni
1019 929 1115 992 voce'
1127 931 1233 1012 inquit
1246 930 1387 996 Crassus
1400 960 1414 1010 5

121 1037 259 1095 227‘est
285 1033 442 1113 quiddam
468 1034 624 1106 medium,
650 1033 708 1097 sed
735 1053 831 1095 suum
858 1033 977 1115 cuique
995 1033 1087 1097 voci:
1118 1034 1195 1098 hinc
1218 1035 1387 1116 gradatim

188 1137 366 1199 ascendere
385 1156 500 1199 vocem
520 1131 629 1222 [utile]
651 1145 684 1199 et
707 1156 808 1199 suave
830 1147 881 1200 est
903 1133 993 1220 (nam
1016 1158 1037 1200 a
1059 1137 1221 1220 principio
1244 1137 1389 1202 clamare

187 1248 318 1321 agreste
343 1240 503 1322 quiddam
530 1238 604 1322 est),
627 1249 661 1303 et
686 1240 775 1303 idem
803 1239 883 1302 illud
907 1241 951 1305 ad
976 1239 1173 1303 firmandam
1196 1252 1246 1305 est
1268 1262 1387 1305 vocem

187 1342 345 1417 salutare3
366 1343 486 1406 deinde
497 1353 548 1407 est
559 1344 716 1425 quiddam
729 1343 949 1406 contentionis
961 1351 1159 1421 extremum,
1171 1345 1262 1426 quod
1275 1354 1388 1408 tamen

189 1446 326 1509 interius
339 1455 396 1518 est,
410 1466 510 1527 quam
521 1447 732 1510 acutissimus
747 1447 880 1519 clamor,
892 1466 958 1528 quo
973 1456 1008 1509 te
1024 1446 1132 1511 fistula
1148 1448 1304 1530 progredi
1321 1469 1387 1512 non
1403 1478 1432 1513 ιο

188 1550 282 1625 sinet,
306 1558 340 1612 et
365 1550 429 1612 iam
455 1550 498 1612 ab
526 1551 597 1631 ipsa
623 1551 834 1614 contentione
864 1550 1051 1626 revocabit3
1083 1560 1134 1614 est
1164 1552 1244 1613 item
1272 1563 1389 1616 contra

188 1653 349 1734 quiddam
371 1653 404 1714 in
425 1652 616 1716 remissione
635 1654 864 1735 gravissimum
885 1673 1018 1735 quoque
1040 1663 1211 1735 tamquam
1231 1675 1388 1718 sonorum

188 1756 345 1839 gradibus
368 1757 586 1820 descenditur.
632 1757 726 1820 Haec
751 1758 892 1820 varietas
916 1766 950 1820 et
978 1756 1032 1820 hic
1061 1778 1121 1840 per
1149 1759 1258 1822 omnis
1286 1780 1389 1823 sonos

188 1859 278 1921 vocis
300 1879 414 1922 cursus
437 1869 470 1922 et
491 1879 527 1922 se
544 1860 692 1924 tuebitur
712 1869 746 1923 et
768 1861 889 1924 actioni
912 1858 1040 1923 adferet
1062 1861 1271 1925 suavitatem.
1319 1862 1388 1928 Sed

188 1961 405 2025 fistulatorem
422 1964 512 2025 domi
528 1963 728 2045 relinquetis,
745 1984 876 2028 sensum
897 1963 995 2026 huius
1015 1965 1263 2028 consuetudinis
1277 1967 1389 2030 vobis·
1404 1994 1431 2043 15

187 2086 263 2128 cum
279 2066 321 2128 ad
337 2065 445 2129 forum
462 2066 624 2130 deferetis.

120 2185 174 2230 aaa
233 2169 342 2246 Edidi‚
358 2189 444 2251 quae
460 2171 562 2252 potui,
578 2190 644 2233 non
660 2179 697 2233 ut
712 2171 810 2247 volui,
825 2171 882 2233 sed
904 2178 941 2232 ut
963 2191 1015 2233 me
1034 2171 1193 2252 temporis
1213 2175 1388 2254 angustiae

188 2279 386 2354 coegerunt3
416 2275 535 2337 scitum
562 2284 612 2337 est
638 2274 725 2336 enim
754 2294 887 2338 causam
914 2272 1060 2337 conferre
1086 2275 1120 2335 in
1145 2284 1288 2357 tempus,
1312 2297 1387 2341 cum

188 2376 318 2440 adferre
338 2376 440 2458 plura,
463 2379 490 2441 si
514 2378 636 2459 cupias,
655 2398 721 2441 non
745 2374 864 2458 queas'
911 2376 983 2439 ‘Tu
1006 2375 1101 2439 vero'
1117 2377 1223 2459 inquit
1248 2377 1389 2444 Catulus

189 2480 381 2563 ‘conlegisti
397 2481 516 2556 omnia,
532 2491 692 2564 quantum
709 2502 771 2563 ego
787 2500 922 2564 possum
940 2480 1092 2552 iudicare,
1108 2479 1155 2542 ita
1171 2482 1336 2561 divinitus,
1352 2494 1388 2547 ut
1403 2510 1432 2545 20

189 2603 253 2646 non
269 2606 289 2647 a
306 2583 440 2647 Graecis
455 2583 642 2667 sumpsisse,
655 2585 713 2647 sed
730 2605 787 2646 eos
803 2584 891 2665 ipsos
905 2585 987 2647 haec
999 2583 1118 2646 docere
1130 2605 1228 2665 posse
1239 2586 1388 2664 videare3

223 2732 243 2768 1.
263 2734 292 2766 eo
303 2718 352 2766 tela
363 2718 463 2767 texitur
472 2725 495 2767 et
505 2734 533 2766 ea
547 2719 576 2767 ire
584 2719 685 2767 cebetate
693 2719 759 2767 ratio
769 2719 875 2767 vivendi
881 2735 909 2766 ae
916 2719 956 2776 M,
963 2718 1028 2766 unde
1036 2732 1064 2766 eo
1073 2718 1121 2766 tela
1133 2717 1232 2766 texetur
1238 2718 1278 2781 [ea
1290 2720 1320 2768 in
1328 2721 1389 2770 civi·

187 2789 238 2832 tate
249 2785 316 2832 ratio
327 2784 441 2846 vivendi]
454 2785 493 2831 Fr.
505 2799 533 2832 ea
545 2785 593 2832 tela
603 2785 700 2832 texitur
710 2791 735 2832 et
744 2800 773 2832 ea
786 2785 911 2832 incitatur
921 2785 950 2831 in
961 2783 1062 2831 cecitate
1071 2783 1138 2831 ratio
1149 2783 1254 2832 vivendi
1264 2785 1326 2835 PH:
1343 2802 1389 2850 pro

189 2849 314 2897 imitatur
324 2849 349 2896 S.
361 2849 414 2898 vult
433 2849 590 2898 increbrescit
598 2864 606 2897 :
624 2851 673 2898 tela
684 2851 782 2898 texitur
790 2865 819 2898 ea
831 2849 860 2897 in
871 2850 972 2897 civitate
984 2849 1016 2896 K.

188 2982 307 3039 Terence,
316 2981 365 3028 and
374 2981 508 3040 Lucretius,
519 2983 561 3030 but
572 2981 633 3029 does
644 2989 687 3030 not
696 2997 762 3030 seem

187 3055 214 3097 to
226 3062 300 3095 occur
310 3046 372 3095 later
381 3046 440 3094 than
453 3046 550 3095 Cicero.

223 3125 244 3159 1.
261 3126 294 3160 ea
301 3115 332 3158 in
338 3115 455 3161 civitate
462 3115 535 3160 ratio
542 3115 677 3160 vivendi:
695 3112 762 3160 these

188 3177 271 3226 words
286 3179 349 3226 have
360 3178 421 3226 been
433 3177 536 3240 rejected
549 3193 576 3225 as
588 3194 603 3225 a
614 3176 682 3240 gloss
694 3193 762 3241 upon

187 3258 217 3293 ea
231 3244 296 3291 telo:
313 3242 354 3290 the
369 3242 468 3291 inferior
481 3242 553 3291 MSS.
569 3243 628 3291 read
643 3251 686 3292 ‘ea
702 3245 760 3291 inci·

188 3316 253 3356 tatur
261 3309 287 3355 in
297 3308 414 3366 civitate,’
424 3315 470 3357 etc.
504 3308 580 3357 Sorof
588 3307 681 3372 rightly
687 3308 762 3356 holds

189 3374 321 3422 ‘incitatur
340 3371 418 3421 ratio’
438 3380 465 3422 to
486 3373 516 3421 be
536 3374 688 3437 impossible,
713 3374 761 3421 and

188 3455 308 3504 proposes
327 3438 487 3486 increbrescit.
523 3439 571 3486 But
589 3439 630 3486 the
649 3438 761 3502 simplest

188 3505 324 3553 correction
343 3505 364 3551 is
383 3511 409 3552 to
430 3505 504 3552 strike
523 3511 566 3552 out
584 3519 619 3562 ac,
641 3504 763 3567 adopting

188 3571 318 3618 otherwise
337 3569 379 3618 the
394 3569 498 3631 reading
514 3569 544 3617 ol
560 3570 599 3617 M.
634 3571 658 3617 It
679 3569 700 3617 is
719 3578 762 3616 not

188 3635 297 3700 possible
312 3643 340 3683 to
356 3650 399 3697 say
411 3634 475 3682 ‘tela
491 3634 640 3691 ostenditur,'
652 3643 706 3693 etc,
717 3635 762 3682 but

188 3701 241 3750 Cic.
254 3701 320 3748 often
337 3699 435 3747 follows
450 3715 484 3763 up
502 3715 517 3746 a
533 3698 712 3762 metaphorical
730 3701 762 3762 by

188 3781 203 3814 a
223 3765 304 3815 literal
327 3765 473 3828 expression.
509 3765 587 3812 Ham.
605 3764 707 3813 defends
722 3763 762 3812 in-

187 3831 289 3890 citatur,
302 3845 330 3878 as
341 3830 456 3893 meaning
466 3830 498 3877 ‘is
507 3830 615 3892 brought
626 3829 679 3878 into
688 3830 762 3893 quick

188 3894 299 3945 course’:
319 3911 357 3959 cp.
370 3895 385 3942 i.
401 3907 455 3958 149.

222 3975 244 4022 3.
263 3964 365 4016 Iulius,
377 3961 419 4009 the
430 3960 607 4024 light-hearted
622 3959 671 4008 and
683 3959 762 4023 witty,

188 4025 249 4075 does
267 4034 312 4075 not
329 4026 390 4074 wish
410 4026 452 4075 the
473 4027 643 4075 conversation
662 4031 688 4074 to
704 4025 762 4074 take

187 4099 230 4140 too
242 4092 336 4140 serious
346 4108 361 4139 a
372 4099 434 4139 turn.

221 4155 245 4205 6.
263 4161 398 4214 quiddam
409 4160 543 4218 medium,
552 4159 582 4206 ‘a
594 4172 664 4205 mean
677 4153 762 4220 piteh!

188 4220 243 4271 The
262 4223 362 4271 inferior
381 4222 453 4271 MSS.
474 4222 532 4270 read
551 4223 626 4271 ‘utile
644 4228 669 4270 et
689 4236 763 4270 suave

188 4285 242 4347 est,'
252 4287 334 4336 which
352 4289 430 4336 Ham.
443 4286 551 4336 defends.
585 4288 633 4337 But
644 4287 703 4336 with
720 4286 762 4335 the

188 4353 350 4414 punctuation
374 4353 403 4402 of
421 4353 462 4402 the
480 4360 538 4412 text,
559 4353 622 4401 utile
642 4353 664 4401 is
687 4352 762 4400 much

188 4416 266 4468 better
289 4419 392 4469 omitted
413 4418 473 4468 with
496 4419 535 4467 M.
569 4417 673 4467 Ellendt
694 4418 763 4467 takes

813 2981 833 3030 it
849 2988 876 3030 to
895 2980 957 3030 refer
974 2987 1001 3029 to
1020 2979 1062 3029 the
1079 2996 1142 3039 case,
1160 2979 1242 3029 which
1261 2981 1282 3030 is
1301 2989 1346 3031 not
1364 2982 1389 3030 in

812 3046 925 3110 question
943 3046 1008 3106 here,
1019 3045 1095 3094 soror
1108 3053 1134 3094 to
1150 3047 1192 3096 the
1204 3048 1390 3113 strengthening

813 3112 842 3160 ol
867 3112 908 3160 the
937 3112 1017 3171 voice,
1041 3110 1122 3159 which
1150 3113 1171 3160 is
1199 3113 1285 3162 better.
1329 3113 1388 3164 Em.

811 3178 870 3226 read
887 3177 1025 3240 quoddam:
1049 3177 1093 3224 but
1113 3192 1153 3240 cp.
1170 3177 1277 3242 Madvig
1301 3193 1334 3227 on
1357 3179 1390 3228 de

813 3242 867 3291 Fin.
880 3241 896 3288 i.
909 3243 948 3302 38.

845 3323 868 3370 9.
885 3309 1077 3356 contentionis
1089 3313 1255 3367 extremum,
1268 3311 1389 3358 ‘extreme

812 3372 883 3436 point
900 3372 928 3420 ol
944 3371 1093 3420 elevation':
1118 3371 1160 3420 the
1177 3373 1248 3423 voice
1264 3374 1390 3437 naturally

812 3439 870 3485 rises
882 3438 906 3485 in
919 3438 986 3500 pitch
998 3453 1025 3485 as
1036 3438 1055 3486 it
1067 3438 1088 3486 is
1099 3438 1207 3486 strained
1218 3439 1243 3486 in
1255 3439 1378 3503 intensity.

848 3505 1024 3551 rainherius
1047 3510 1090 3551 est
1118 3518 1210 3564 quem,
1237 3512 1294 3564 etc,
1320 3504 1391 3554 ‘falls

813 3568 881 3616 short
893 3568 921 3615 oi
935 3568 976 3615 the
988 3568 1096 3616 shrillest
1108 3567 1233 3618 screech’:
1251 3586 1291 3633 cp.
1306 3574 1318 3628 ξ
1333 3583 1390 3634 190,

813 3634 851 3682 for
862 3633 943 3681 which
959 3633 987 3681 L.
1003 3637 1026 3682 &
1042 3633 1067 3682 S.
1083 3633 1140 3697 give
1158 3643 1209 3683 two
1226 3634 1391 3685 inconsistent

812 3699 991 3762 explanations.

848 3778 885 3813 11.
895 3768 952 3812 iem
961 3779 1039 3812 seems
1049 3780 1064 3813 a
1072 3779 1200 3828 necessary
1207 3764 1344 3815 correction
1352 3766 1392 3815 lor

812 3835 904 3878 tamen.

848 3907 885 3943 12.
904 3894 1189 3958 quoque=etadqueal
1202 3895 1239 3942 M
1244 3895 1309 3945 have
1317 3897 1392 3959 quod,

813 3959 884 4073 othlqsr
895 3959 968 4008 MSS.
979 3961 1016 4007 ad
1029 3959 1103 4024 quod,
1114 3960 1195 4010 which
1212 3974 1269 4022 may
1283 3961 1341 4010 well
1360 3962 1392 4012 be

812 4025 832 4073 ri
869 4033 885 4073 t.

833 4041 885 4152 g14.
897 4105 926 4139 se
938 4093 1094 4139 tuebitur=
1102 4090 1143 4138 ‘ad
1150 4089 1296 4139 firmandam
1302 4107 1391 4142 vocem

812 4154 919 4204 valebit’

847 4235 885 4283 15.
898 4236 1013 4269 sensum
1019 4223 1104 4269 huius
1110 4224 1343 4279 consuetudinis:
1350 4223 1393 4274 the

812 4286 912 4334 instinct
924 4286 1023 4334 derived
1037 4286 1100 4334 from
1113 4287 1161 4335 this
1173 4287 1297 4350 practice'

849 4365 887 4400 21.
907 4356 1075 4408 sumpsisse:
1099 4366 1127 4399 so
1144 4353 1183 4412 M,
1200 4353 1239 4400 lor
1256 4352 1339 4403 which
1356 4355 1393 4404 in·

815 4416 888 4465 serior
900 4416 971 4466 MSS.
984 4417 1046 4466 have
1057 4416 1099 4465 the
1110 4418 1179 4481 gloss
1189 4417 1312 4469 deiie'cisse.
