3046 5040
584 354 654 419 na
674 359 894 422 errrore
913 360 984 427 [η.
1014 373 1017 376 ⁴
1283 415 1285 417 ,
1340 384 1383 450 49

184 538 261 592 sunt
276 528 477 606 tardissimi3
501 549 553 592 res
573 530 710 611 quidem
733 551 770 594 se
791 551 865 596 mea
884 532 1051 596 sententia
1066 531 1112 596 sic
1125 532 1239 610 habet,
1258 545 1303 613 ut,
1319 536 1382 604 nisi

183 633 275 714 quod
288 633 430 715 quisque
445 633 511 696 cito
527 635 680 715 potuerit,
701 655 882 717 numquam
903 636 1038 700 omnino
1055 638 1159 718 possit
1180 636 1381 719 perdiscere.'

118 734 287 814 24‘Iam,
314 737 397 815 iam,’
423 738 529 820 inquit
556 737 694 803 Catulus
724 739 909 822 ‘intellego
937 741 1062 819 Crasse,
1093 742 1174 824 quid
1201 744 1312 819 dicas3
1350 755 1383 812 et

132 827 172 872 ⁹⁰
183 840 316 905 hercule
345 842 535 921 adsentior;
573 843 653 906 satis
678 843 776 908 video
805 845 867 909 tibi
896 844 1023 908 homini
1053 846 1097 909 ad
1127 847 1380 929 perdiscendum

183 946 342 1008 acerrimo
357 946 400 1009 ad
417 966 455 1009 ea
476 947 714 1028 cognoscenda,
730 967 816 1029 quae
835 949 927 1023 dicis,
947 948 1046 1013 fuisse
1066 951 1243 1033 temporis!
1287 953 1410 1026 ‘Per-5

182 1047 295 1130 gisne’
318 1049 424 1131 inquit
446 1048 583 1113 Crassus
599 1053 674 1127 ‘me,
696 1072 782 1133 quae
802 1053 920 1128 dicam,
935 1052 978 1116 de
996 1072 1059 1130 me,
1076 1073 1142 1116 non
1158 1054 1201 1117 de
1215 1074 1250 1119 re
1264 1063 1383 1138 putare

182 1152 314 1216 dicere?
348 1152 416 1216 Sed
433 1153 508 1228 iam,
524 1153 551 1217 si
567 1153 687 1236 placet,
703 1156 746 1218 ad
763 1155 914 1221 instituta
930 1155 1121 1220 redeamus!
1166 1158 1268 1222 ‘Mihi
1283 1156 1380 1224 vero’

184 1253 322 1319 Catulus
339 1256 446 1338 inquit
462 1254 611 1340 ‘placet’
1377 1273 1380 1276 ’

134 1377 169 1422 91
226 1359 314 1422 Tum
331 1360 471 1424 Crassus
486 1364 661 1444 ‘quorsum
680 1362 780 1444 igitur
795 1361 877 1427 haec
892 1361 1039 1446 spectat'
1054 1363 1161 1445 inquit
1177 1369 1265 1428 ‘tam
1281 1364 1381 1449 longa

182 1470 301 1527 ettam
317 1463 385 1528 alte
400 1465 541 1547 repetita
557 1466 688 1529 oratio?
735 1467 812 1530 Hae
830 1469 917 1531 duae
937 1477 1057 1550 partes,
1074 1487 1160 1548 quae
1176 1467 1255 1531 mihi
1270 1489 1380 1551 super·
1397 1495 1427 1530 10

181 1574 267 1644 sunt,
292 1567 519 1632 inlustrandae
542 1569 700 1633 orationis
729 1589 767 1632 ac
797 1571 899 1634 totius
925 1570 1134 1652 eloquentiae
1155 1572 1380 1652 cumulandae,

181 1687 320 1751 quarum
337 1671 440 1737 altera
456 1674 520 1738 dici
536 1673 682 1755 postulat
699 1685 824 1753 ornate,
839 1674 942 1738 altera
961 1685 1047 1757 apte,
1062 1675 1147 1739 hanc
1162 1675 1288 1741 habent
1304 1678 1380 1759 vim,

180 1785 218 1838 ut
242 1776 285 1840 sit
307 1797 408 1858 quam
431 1778 578 1841 maxime
600 1779 752 1856 iucunda,
775 1799 874 1861 quam
899 1779 1047 1843 maxime
1069 1779 1101 1842 in
1122 1799 1236 1843 sensus
1255 1800 1380 1862 eorum,

129 1899 167 1946 aa
179 1879 237 1960 qui
252 1880 399 1954 audiunt,
415 1879 530 1944 influat
545 1889 579 1945 et
594 1901 695 1963 quam
712 1882 861 1965 plurimis
881 1883 924 1945 sit
938 1883 1036 1946 rebus
1054 1881 1213 1947 instructa
1227 1906 1235 1958 ;
1258 1883 1379 1948 instru÷

181 1993 329 2047 mentum
352 1995 464 2049 autem
486 1984 550 2048 hoc
573 1985 710 2064 forense,
733 1984 923 2068 litigiosum,
947 2007 1031 2060 acre,
1056 1994 1196 2050 tractum
1220 2007 1264 2051 ex
1289 1987 1379 2070 volgi
1395 2009 1423 2058 15

179 2087 389 2168 opinionibus
404 2090 562 2171 exiguum
578 2108 722 2172 saneque
738 2089 925 2169 mendicum
943 2099 1013 2169 est;
1037 2089 1119 2153 illud
1134 2111 1246 2154 rursus
1262 2091 1379 2173 ipsum,

180 2191 271 2271 quod
301 2192 437 2257 tradunt
469 2193 530 2268 isti,
562 2193 619 2275 qui
649 2193 846 2276 profitentur
874 2214 910 2257 se
939 2194 1068 2258 dicendi
1099 2195 1283 2277 magistros,
1313 2216 1379 2265 non

181 2295 324 2358 multum
351 2306 402 2361 est
428 2298 533 2361 maius
562 2318 664 2379 quam
695 2296 775 2360 illud
802 2298 938 2380 volgare
968 2318 1008 2362 ac
1035 2297 1181 2362 forense:
1216 2310 1379 2382 apparatu

181 2399 277 2463 nobis
300 2421 383 2482 opus
406 2409 456 2464 est
478 2410 511 2464 et
533 2399 630 2464 rebus
648 2400 831 2483 exquisitis,
850 2401 996 2482 undique
1018 2401 1185 2476 conlectis,
1206 2402 1379 2480 arcessitis,

180 2504 406 2586 comportatis,
429 2513 467 2567 ut
489 2504 560 2581 tibi,
585 2502 715 2580 Caesar,
738 2502 926 2568 faciendum
949 2513 999 2568 est
1021 2505 1065 2567 ad
1086 2525 1231 2582 annum3
1255 2510 1379 2588 ut'ego
1394 2526 1425 2560 20

214 2695 236 2732 1.
255 2682 310 2731 niel
321 2685 397 2740 quod
408 2685 542 2740 quisque:
560 2695 600 2745 cp.
614 2685 626 2740 5
642 2678 695 2744 146.
804 2688 832 2731 to
849 2682 939 2731 denote
955 2681 997 2732 the
1013 2688 1114 2731 amount
1130 2682 1160 2730 ot
1173 2680 1302 2732 difference
1317 2681 1379 2733 with

214 2761 236 2809 3.
255 2750 351 2806 inquit
361 2751 492 2798 catulus:
510 2748 527 2796 i.
540 2761 586 2810 149
598 2762 623 2794 n.
805 2764 836 2796 nn
853 2746 974 2810 adjective
990 2747 1016 2797 in
1033 2747 1075 2796 the
1092 2763 1147 2796 com
1167 2748 1261 2796 arative
1281 2747 1377 2811 degree.

212 2811 236 2861 6.
254 2816 289 2863 de
301 2828 353 2873 me,
367 2818 379 2873 5
394 2824 432 2877 74.
805 2812 894 2861 Hence
912 2828 981 2862 some
1000 2812 1030 2861 of
1047 2813 1089 2862 the
1111 2763 1198 2862 earlier
1219 2812 1311 2862 editors
1332 2820 1378 2863 not

214 2891 252 2927 10.
269 2882 341 2928 duee
352 2885 461 2936 partes:
479 2894 518 2943 cp.
532 2881 544 2936 5
558 2887 598 2940 37.
805 2879 964 2942 improbably
984 2877 1043 2926 read
1066 2877 1185 2932 ‘multo';
1213 2877 1281 2927 there
1300 2894 1379 2928 seems

214 2956 252 2992 rr.
271 2947 466 2994 inlustrandae
484 2945 636 2994 orationis:
654 2941 700 2990 viz.
714 2941 758 2991 ‘of
804 2943 919 2993 however
934 2950 962 2992 to
978 2944 1010 2992 be
1025 2959 1059 2992 no
1075 2943 1195 2992 variation
1207 2943 1232 2990 in
1242 2942 1285 2991 the
1296 2943 1378 3003 MSS..

178 3009 267 3075 giving
277 3009 368 3074 beauty
378 3018 405 3060 to
419 3009 483 3074 style
498 3010 548 3058 and
560 3009 589 3056 of
603 3006 755 3070 completing
805 3009 854 3057 and
866 3009 908 3058 the
919 3009 1085 3058 construction
1100 3009 1121 3056 is
1135 3023 1251 3058 common
1268 3008 1294 3056 in
1306 3009 1377 3072 Livy.

178 3075 214 3126 all
225 3074 267 3122 the
278 3075 453 3139 requirements
465 3076 493 3123 of
503 3071 653 3138 eloquence!
805 3074 853 3138 Cp.
865 3073 928 3136 Livy
939 3075 956 3124 i.
971 3084 992 3137 7.
1004 3089 1020 3137 9
1033 3074 1200 3138 ‘formamque
1208 3073 1254 3121 viri
1266 3072 1377 3138 aliquan·

215 3154 252 3188 12.
264 3143 328 3197 dici,
338 3141 500 3206 impersonal:
510 3139 574 3190 ‘that
581 3138 624 3188 the
632 3137 755 3202 language
804 3145 858 3187 tum
875 3138 1022 3202 ampliorem
1038 3138 1161 3194 hnmana?
1179 3155 1202 3189 v.
1218 3152 1256 3188 21.
1275 3153 1305 3200 14
1318 3138 1378 3188 ‘ali-

177 3205 268 3256 ehould
279 3203 328 3255 be.'
804 3211 924 3268 quantum
941 3219 986 3267 spe
1002 3212 1076 3268 atque
1093 3204 1210 3267 opinione
1226 3202 1323 3263 maior,’
1342 3203 1376 3253 xl.

211 3275 285 3321 hane
294 3274 467 3320 habentvim
484 3273 597 3320 ‘amount
605 3266 705 3318 tothis.'
804 3284 845 3332 40.
855 3282 866 3316 1
876 3268 988 3317 ‘meliore
997 3269 1151 3332 aliquantum
1158 3267 1265 3316 militum
1273 3267 1378 3332 genere‚'

215 3349 252 3397 13.
270 3340 316 3397 sit,
327 3353 359 3386 sc
371 3337 458 3397 oratio,
467 3335 601 3400 suggested
612 3336 645 3398 by
657 3331 754 3384 ‘dici'=
804 3333 865 3384 with
876 3334 947 3383 other
957 3350 1011 3383 exx.
1024 3335 1050 3382 in
1063 3333 1186 3382 Riemann
1198 3321 1299 3394 Etudes
1308 3335 1376 3397 App.

177 3402 199 3450 it
210 3402 466 3466 mnstbeagreeable‚
479 3401 596 3459 effective,
609 3399 658 3449 and
670 3399 717 3448 full
728 3399 758 3448 of
807 3402 879 3459 521,
902 3398 981 3447 Hand
1000 3399 1154 3447 Tursellinns
1173 3398 1207 3446 iii.
1230 3397 1286 3458 669.
1327 3399 1374 3461 Cp.

176 3474 274 3516 matter.
804 3465 878 3529 Roby
901 3467 931 3524 55
956 3476 1028 3526 1204,
1052 3476 1123 3526 1205.
1159 3463 1241 3512 There
1263 3477 1304 3511 are
1325 3468 1376 3512 two
1397 3468 1400 3472 ’

268 3536 273 3547 .
502 3532 508 3544 .
685 3533 693 3557 ,
887 3530 893 3540 .
1022 3530 1027 3540 .
1082 3530 1087 3540 .
1340 3529 1345 3539 .

178 3529 753 3662 sttttttttttmntsstttttn‘lz
803 3528 1376 3658 tttbtt‘ttt⁵.ttttzttltratti

177 3678 221 3712 nse
233 3663 258 3711 in
270 3663 359 3727 public
369 3661 422 3721 life,
439 3662 606 3726 quarrelsome
618 3662 667 3710 and
678 3661 753 3710 bitter
803 3660 851 3724 Cp.
863 3660 979 3708 however
989 3611 1055 3709 lteid
1067 3675 1098 3708 on
1111 3659 1190 3707 Acad.
1199 3660 1225 3708 ii.
1236 3660 1274 3720 58.

178 3743 207 3776 as
224 3728 245 3776 it
263 3729 292 3788 is,
312 3727 397 3790 seeing
413 3726 466 3776 that
486 3728 506 3775 it
528 3727 550 3776 is
569 3726 669 3776 derived
688 3726 752 3775 from
835 3728 934 3785 malus,
946 3727 953 3752 ‘
964 3725 994 3773 of
1001 3740 1070 3774 more
1080 3722 1248 3789 importance.'

192 3793 235 3842 ie.
247 3809 313 3842 oves
325 3793 357 3842 its
366 3792 490 3842 character
497 3792 536 3855 to]
544 3792 586 3841 the
593 3792 752 3855 impressions
838 3791 875 3839 18.
893 3787 1375 3853 apparatu,‘elaboratepreparations’

177 3793 233 3922 lthe
250 3859 355 3922 feelings
374 3859 404 3907 ot
418 3857 461 3907 the
481 3858 552 3916 time,
574 3857 623 3906 and
642 3863 686 3904 not
706 3857 752 3906 the
803 3871 831 3904 as
846 3857 872 3904 in
890 3853 1010 3904 Horace’s
1028 3855 1154 3904 ‘Persicos
1173 3855 1224 3914 odi,
1242 3870 1311 3918 puer,
1329 3869 1374 3918 ap-

176 3931 273 3973 mature
293 3923 457 3986 convictions]
480 3922 509 3971 ol
522 3923 563 3971 the
581 3921 711 3987 populace,
731 3921 753 3970 is
801 3919 917 3985 paratus!
940 3920 995 3968 The
1006 3922 1074 3968 word
1086 3921 1106 3969 is
1118 3919 1250 3983 especially
1259 3934 1375 3970 common

177 4004 234 4038 mea
263 3989 338 4038 eand
349 4005 408 4052 very
423 3985 559 4051 beggarly.’
591 3987 646 4035 The
657 3994 752 4036 nearest
802 3985 832 4035 ol
840 3984 881 4034 the
893 3985 978 4049 public
989 4001 1088 4049 gamas:
1107 3985 1226 4035 seeDict.

177 4069 239 4118 para
249 4053 281 4102 lel
291 4063 319 4104 to
330 4054 380 4104 this
395 4059 493 4117 strange
509 4068 553 4102 use
570 4052 599 4100 ol
606 4055 752 4102 mendicus
837 4064 875 4100 20.
893 4052 1065 4109 adannum,‘
1076 4050 1101 4098 in
1110 4051 1208 4113 ayear’s
1217 4048 1293 4099 time?
1312 4049 1374 4099 Cae-

177 4134 258 4168 seems
278 4128 306 4169 to
330 4121 362 4168 be
390 4117 522 4168 ‘inducnla
549 4116 704 4167 mendicula'
726 4117 752 4165 in
802 4132 842 4165 sar
857 4131 909 4164 was
924 4131 982 4164 now
998 4115 1078 4164 aedile
1094 4115 1174 4166 elect:
1195 4130 1234 4178 cp.
1252 4115 1320 4164 Brut.
1335 4116 1374 4177 89.

176 4184 258 4234 Plaut.
271 4184 345 4249 Epid.
359 4198 414 4246 ²²4
804 4194 850 4244 305
871 4181 966 4229 ‘Gaius
984 4181 1059 4230 etiam
1077 4179 1155 4229 Iulius
1174 4179 1262 4230 aedilis
1286 4179 1375 4229 curulis

213 4259 250 4312 17.
267 4266 325 4299 non
337 4253 460 4298 multum
470 4250 579 4297 muns:
599 4263 615 4296 a
630 4246 753 4311 probably
803 4247 905 4296 cottidie
916 4245 966 4294 sere
977 4253 1104 4294 accuratas
1115 4245 1242 4295 contiones
1253 4241 1376 4294 habebat!

177 4315 269 4378 unique
281 4315 390 4364 instance
405 4315 424 4378 (⁴
431 4320 495 4362 trotz
502 4313 546 4361 der
555 4312 627 4363 codd.
637 4311 751 4360 verd'ach·
803 4312 837 4361 So
852 4312 878 4359 in
896 4311 928 4359 ad
945 4313 998 4360 Att.
1010 4326 1033 4358 v.
1047 4325 1068 4358 a.
1084 4323 1094 4357 1
1110 4311 1243 4358 ‘Furnium
1254 4317 1372 4369 nostrum,

175 4377 231 4443 tig‚'
248 4395 304 4442 says
320 4381 439 4442 Draeger,
458 4376 488 4428 i‘.
508 4377 566 4440 563)
588 4377 617 4425 ol
636 4377 679 4426 the
700 4393 751 4426 acc.
801 4392 875 4441 quem
891 4375 923 4424 ad
940 4391 1031 4424 annum
1049 4375 1105 4424 trib.
1121 4374 1157 4438 pl.
1168 4376 1286 4425 videbam
1303 4371 1373 4435 fore,’

176 4445 253 4509 being
262 4445 323 4495 used
338 4446 372 4510 by
383 4445 473 4495 Cicero
487 4443 584 4493 instead
599 4442 628 4491 of
641 4442 683 4492 the
698 4442 749 4495 abl.
801 4442 876 4495 Tusc.
890 4441 923 4488 D.
936 4442 951 4488 i.
967 4452 1006 4504 37.
1024 4455 1056 4505 90
1067 4443 1074 4468 ‘
1082 4456 1125 4489 cur
1140 4441 1240 4493 doleam
1254 4441 1276 4491 si
1287 4440 1319 4492 ad
1330 4439 1374 4491 de·

762 4538 785 4587 E
