3046 5040
566 365 635 429 DE
659 367 744 428 ORA
753 365 880 428 TORE
896 367 967 430 III.
1327 384 1364 434 21

168 559 225 603 eos
249 537 365 604 similis
388 538 497 604 effecit
520 538 606 602 inter
625 557 668 618 se,
691 539 750 602 sed
773 547 904 602 tantum
923 538 1017 601 alteri
1033 537 1185 616 adfinxit,
1201 539 1244 603 de
1262 538 1367 602 altero

166 642 304 720 limavit,
328 652 365 708 ut
389 644 422 707 id
448 643 669 706 conformaret
693 642 727 705 in
754 650 903 722 utroque,
929 643 1019 723 quod
1050 641 1219 725 utriusque
1249 651 1368 706 natura

166 757 342 829 pateretur.
390 747 486 810 Haec
502 766 542 809 eo
558 745 638 809 mihi
654 746 876 828 praedicenda
891 745 1032 822 suerunt,
1049 756 1094 823 ut,
1109 745 1137 808 si
1160 765 1227 809 non
1244 747 1365 824 ornnia,
1379 756 1430 822 10

166 871 251 934 quae
277 858 541 934 proponerentur
563 869 583 911 a
605 869 668 924 me,
690 849 733 912 ad
756 849 906 913 omnium
928 857 1073 912 vestrum
1097 849 1244 913 studium
1267 860 1301 913 et
1323 851 1366 914 ad
1378 844 1412 892 ³⁷

135 974 270 1035 5genus
293 955 339 1029 id,
359 955 449 1038 quod
472 954 611 1036 quisque
632 961 777 1016 vestrum
802 953 835 1016 in
859 952 1001 1016 dicendo
1024 951 1189 1036 probaret,
1209 952 1367 1017 adhaere-

164 1067 303 1136 scerent,
315 1058 349 1121 id
365 1080 385 1121 a
400 1054 454 1120 me
468 1077 573 1140 genus
588 1056 730 1138 exprimi
746 1055 922 1132 sentiretis,
938 1057 1028 1138 quod
1045 1057 1190 1120 maxime
1206 1056 1286 1120 mihi
1303 1057 1366 1139 ipsi

164 1160 370 1244 probaretur.

210 1264 302 1346 Ergo
328 1264 410 1327 haec
437 1272 471 1327 et
497 1263 629 1346 agenda
651 1271 729 1326 sunt
751 1262 794 1327 ab
818 1271 958 1338 oratore,
981 1282 1066 1344 quae
1089 1261 1270 1346 explicavit
1293 1263 1366 1325 An-

163 1368 285 1446 tonius,
311 1377 346 1431 et
371 1367 514 1430 dicenda
538 1367 684 1448 quodam
711 1366 822 1431 modo.
868 1366 1014 1449 Quinam
1039 1367 1138 1449 igitur
1160 1367 1292 1430 dicendi
1316 1374 1366 1430 est

118 1497 150 1535 ιο
164 1470 283 1534 modus
306 1470 430 1548 melior,
446 1490 524 1533 nam
548 1470 590 1533 de
612 1471 744 1532 actione
767 1478 844 1552 post
860 1471 985 1547 vider0,
1002 1491 1103 1552 quarn
1122 1479 1159 1534 ut
1181 1470 1310 1548 Latine,
1328 1480 1365 1533 ut

163 1572 273 1656 plane,
287 1583 324 1637 ut
340 1583 467 1652 ornate,
480 1582 517 1636 ut
532 1575 576 1637 ad
591 1573 635 1648 id,
648 1574 882 1656 quodcumque
897 1581 1023 1656 agetur,
1039 1581 1118 1656 apte
1133 1582 1366 1656 congruenter-

163 1698 229 1759 que
259 1675 432 1741 dicamus?
478 1676 592 1759 Atque
622 1696 736 1740 eorum
766 1675 910 1759 quidem,
936 1697 1022 1760 quae
1053 1676 1120 1740 duo
1146 1678 1254 1760 prima
1283 1677 1365 1755 dixi,
1379 1695 1415 1740 aa

163 1781 325 1844 rationem
342 1801 409 1844 non
425 1779 566 1844 arbitror
582 1780 769 1862 exspectari
785 1802 805 1844 a
821 1796 874 1843 me
889 1781 964 1862 puri
976 1779 1178 1863 dilucidique
1194 1781 1365 1855 sermonis

163 1885 375 1967 nequeenim
392 1904 551 1947 conamur
566 1884 684 1947 docere
700 1904 783 1946 eum
804 1884 923 1959 dicere,
938 1885 994 1966 qui
1015 1883 1105 1967 loqui
1125 1885 1273 1963 nesciat3
1305 1905 1365 1949 nec

121 2014 149 2063 15
162 2008 303 2070 sperare,
329 1987 386 2070 qui
418 1987 538 2050 Latine
568 2007 635 2050 non
666 1987 781 2069 possit,
811 1986 900 2050 hunc
930 1995 1047 2050 ornate
1076 2006 1149 2050 esse
1179 1989 1365 2067 dicturum,

162 2111 270 2174 neque
287 2111 377 2167 ver0,
392 2091 449 2173 qui
469 2110 537 2154 non
556 2090 647 2154 dicat
669 2091 760 2172 quod
782 2089 1026 2171 intellegamus
1042 2089 1130 2153 hunc
1153 2111 1252 2173 posse
1274 2093 1363 2173 quod

162 2195 364 2258 admiremur
391 2193 508 2258 dicere.
563 2194 769 2276 Linquamus
793 2195 894 2276 igitur
916 2194 1008 2273 haec,
1030 2215 1116 2277 quae
1139 2194 1364 2277 cognitionem

162 2296 288 2361 habent
303 2296 444 2376 facilem,
455 2318 551 2360 usum
567 2298 799 2361 necessarium.
835 2297 924 2361 Nam
941 2298 1080 2361 alterum
1096 2300 1236 2362 traditur
1247 2298 1364 2362 litteris

123 2457 125 2460 ,
162 2403 380 2483 doctrinaque
395 2401 521 2484 puerili,
533 2401 673 2465 alterum
689 2400 866 2464 adhibetur
881 2400 926 2465 ob
941 2422 1015 2464 eam
1030 2422 1176 2480 causam,
1188 2412 1225 2465 ut
1237 2401 1364 2465 intelle·

117 2539 149 2575 20
162 2516 260 2588 gatur
275 2505 355 2588 quid
371 2506 511 2587 quisque
527 2506 626 2582 dicat,
642 2505 732 2587 quod
748 2505 900 2568 videmus
921 2506 968 2567 ita
987 2525 1059 2568 esse
1078 2506 1311 2583 necessarium,
1327 2514 1365 2569 ut

162 2619 275 2673 tamen
291 2629 332 2671 eo
347 2608 456 2672 minus
472 2607 554 2671 nihil
570 2629 643 2671 esse
658 2608 773 2690 possit.
808 2607 875 2673 Sed
893 2609 1001 2671 omnis
1017 2608 1174 2690 loquendi
1189 2608 1413 2691 elegantiaque

357 2768 381 2815 4.
393 2759 568 2816 proponentur
577 2753 621 2801 KS
634 2752 741 2803 Bakium
752 2752 847 2804 secuti:
860 2760 1064 2817 proponerentur
1074 2753 1120 2801 ol>
1132 2753 1172 2804 Fr.

197 2906 218 2944 1.
235 2898 355 2952 tantum,
368 2894 376 2920 ⁶
387 2892 446 2956 only
457 2909 485 2942 so
497 2891 587 2954 much,'
599 2894 662 2942 asin
676 2897 689 2951 §
701 2907 739 2957 24
823 2905 861 2957 14.
874 2896 1003 2944 dicere...
1013 2895 1100 2954 loqui,
1109 2893 1198 2958 ‘speak
1207 2892 1315 2956 ...talk,’
1323 2911 1363 2959 cp.

195 2972 218 3020 5.
235 2957 740 3022 adhaerescerent,‘applyto,’‘suitr'a
788 2957 1124 3023 Orat.3a.113‘quamquam
1131 2958 1200 3007 aliud
1206 2959 1304 3010 videtur
1311 2975 1363 3010 esse

161 3024 268 3084 carious,
285 3024 334 3072 and
352 3025 499 3088 apparently
515 3024 680 3090 unexampled
696 3039 740 3074 use
788 3024 874 3082 oratio,
894 3024 963 3073 aliud
981 3024 1122 3088 disputatio,
1143 3039 1189 3073 nec
1210 3024 1278 3073 idem
1294 3026 1363 3090 loqui

163 3089 193 3138 of
200 3089 242 3138 the
253 3089 329 3138 word.
786 3104 840 3137 esse
858 3090 925 3153 qnod
943 3090 1023 3139 dicere
1037 3127 1043 3139 .
1055 3124 1062 3139 .
1076 3124 1083 3138 .
1095 3089 1238 3154 disputandi
1254 3091 1319 3140 ratio
1338 3100 1363 3140 et

196 3157 226 3212 ξς
236 3164 323 3217 37—52.
344 3155 449 3204 Crassus
456 3153 673 3218 laysdownarthe
675 3155 741 3219 first
787 3154 904 3218 loquendi
921 3155 1107 3204 dialecticorum
1123 3157 1163 3215 sit,
1177 3164 1302 3204 oratorum
1320 3172 1362 3204 au-

161 3220 279 3284 rcan'sr'to
288 3220 336 3284 sor
352 3220 461 3269 elocutio
475 3227 543 3284 prore
561 3219 671 3284 (Latine)
688 3220 743 3268 and
786 3218 1105 3269 temdicendietornundi!
1133 3220 1361 3284 Eupolis,inPlut.

160 3287 226 3334 clear
237 3286 367 3348 languagr.
785 3284 842 3333 Alc.
856 3298 894 3346 13,
905 3301 961 3348 says
973 3285 1002 3333 ol
1009 3284 1155 3335 Alcibiades
1161 3286 1247 3333 λαλεῖν
1257 3285 1361 3348 ἄριστος,

195 3351 218 3400 8.
230 3357 258 3399 et
272 3353 387 3409 agenda,
398 3357 443 3399 etc.
469 3349 509 3398 An
517 3349 601 3399 orator
608 3349 653 3398 has
661 3355 688 3398 to
697 3348 738 3398 de·
784 3347 965 3398 ἀδυνατώτατος
975 3348 1067 3411 λέγειν.

160 3415 223 3465 liver
239 3415 281 3464 the
297 3423 386 3465 matter
400 3415 482 3464 which
499 3415 531 3464 he
546 3416 591 3464 has
608 3415 739 3480 prepared,
821 3428 858 3476 15.
870 3430 997 3473 sperare:
1016 3415 1080 3463 from
1096 3430 1231 3464 conamur
1245 3431 1283 3465 we
1296 3423 1363 3466 must

160 3481 209 3530 and
226 3481 257 3530 he
274 3481 319 3530 has
336 3489 363 3530 to
376 3495 474 3545 express
489 3481 508 3530 it
523 3481 549 3529 in
564 3480 670 3530 suitable
686 3480 738 3528 lun·
784 3480 933 3529 understand
948 3497 1016 3530 some
1027 3480 1087 3530 such
1095 3480 1166 3529 word
1180 3496 1207 3529 as
1223 3481 1362 3532 audemus:

160 3562 250 3610 guage.
268 3546 335 3596 That
346 3553 400 3610 part
413 3544 442 3594 of
449 3546 488 3595 his
499 3547 554 3595 task
562 3547 584 3595 is
595 3545 738 3595 mentioned
785 3561 824 3609 cp.
844 3546 861 3594 i.
882 3545 938 3608 246,
961 3546 987 3596 ii.
1005 3559 1046 3609 45.
1079 3545 1134 3594 The
1154 3547 1318 3596 construction
1340 3548 1361 3597 is

160 3611 216 3671 lust,
233 3611 316 3661 which
332 3611 378 3660 has
393 3620 420 3660 to
436 3612 468 3660 be
485 3611 552 3661 dealt
563 3611 624 3660 with
641 3611 699 3672 first,
712 3612 737 3660 in
784 3612 864 3672 loose,
876 3613 920 3661 but
932 3611 1021 3675 hardly
1032 3611 1140 3675 requires
1151 3613 1295 3661 correction.

160 3677 233 3725 order
250 3684 277 3725 to
294 3684 339 3741 put
355 3677 374 3725 it
390 3676 415 3724 in
432 3677 511 3726 closer
524 3677 661 3726 connexion
677 3676 739 3725 with
820 3687 857 3741 17.
867 3677 1360 3738 quaecognitionem‚etc.,‘whichcan

160 3743 202 3792 the
214 3741 358 3791 discussion.
391 3740 549 3805 Scini.172
564 3742 687 3806 ‘primum
700 3743 737 3790 in·
784 3743 815 3791 be
829 3743 907 3792 learnt
921 3743 1008 3806 easily,
1025 3743 1074 3791 and
1090 3759 1131 3792 are
1148 3741 1361 3806 indispensable:’

160 3807 254 3857 ertiae.
267 3845 274 3858 .
287 3844 293 3857 .
306 3815 363 3872 post
375 3807 450 3857 etiam
466 3806 649 3872 impudentiae'
662 3808 737 3856 intro·
783 3808 871 3856 habero
879 3807 941 3856 with
952 3824 983 3856 an
994 3809 1102 3859 abstract
1113 3809 1264 3857 substantive
1275 3824 1320 3857 can
1329 3809 1361 3858 be

159 3873 235 3922 duces
246 3888 314 3921 some
323 3873 433 3923 remarks
444 3871 497 3921 first
509 3889 543 3921 on
551 3875 558 3898 ‘
565 3870 736 3937 impudentia?
783 3873 843 3922 used
850 3881 877 3923 to
886 3873 943 3922 take
951 3874 992 3923 the
1000 3873 1072 3938 place
1081 3874 1110 3922 ol
1117 3890 1132 3922 a
1143 3874 1244 3936 lacking
1255 3873 1359 3949 passive,

158 3938 262 3989 thenon
275 3935 393 3987 ‘inertia’
783 3938 879 3987 ashere
889 3938 951 3987 with
962 3939 1010 3988 nti.
1048 3937 1327 3988 Habere=‘admrtos.’

193 4018 217 4067 9.
234 4007 357 4060 quodam
368 4007 467 4052 modo:
481 4018 519 4052 we
530 4003 610 4067 might
622 4004 685 4053 have
696 4019 736 4053 ex·
818 4005 855 4053 18.
867 4007 981 4064 litteris,
994 4012 1045 4060 not,
1057 4019 1084 4052 as
1101 4003 1182 4066 Sorof,
1195 4019 1210 4051 a
1221 4003 1358 4067 hendiadys

159 4069 249 4133 pected
266 4075 330 4118 certo
346 4068 430 4118 modo:
448 4069 491 4117 but
503 4084 542 4133 cp.
556 4070 623 4117 Brut.
635 4082 675 4131 4ο.
690 4082 736 4132 149
783 4068 844 4117 with
860 4069 980 4129 doctrina,
996 4070 1040 4118 but
1056 4084 1083 4119 as
1094 4085 1131 4118 we
1143 4085 1183 4118 see
1195 4069 1257 4118 from
1272 4071 1354 4131 §48=

161 4140 205 4183 'ut
225 4134 319 4183 dioatm
337 4149 354 4184 a
370 4149 411 4183 me
430 4133 539 4198 quodam
561 4132 655 4184 modo!
688 4135 736 4200 Cp.
783 4133 893 4194 ‘boola'
903 4134 999 4197 though
1014 4135 1082 4184 these
1092 4133 1178 4183 would
1189 4134 1218 4183 of
1225 4150 1311 4186 course
1326 4136 1359 4184 be

160 4202 173 4260 ς
189 4210 244 4262 171.
781 4199 843 4248 used
857 4199 883 4248 in
893 4198 1042 4262 elementary
1050 4197 1173 4264 teaching.

194 4268 357 4324 invidero,
375 4264 401 4312 ii.
420 4278 450 4327 33
470 4261 558 4329 (note).
818 4278 855 4313 πο.
865 4265 1376 4326 ita,restrictive,i.221,ii.16,andolten.1

193 4333 302 4390 Latine,
321 4331 337 4379 i.
358 4343 404 4392 144
416 4329 506 4394 (note).
818 4343 857 4379 21.
875 4333 1024 4391 elegantia,
1036 4335 1144 4380 ‘correct
1160 4330 1263 4392 choice,’
1275 4341 1318 4380 not
1329 4347 1358 4381 so

194 4409 232 4458 13.
245 4395 736 4455 puridssucidiquaaermonia,auex·
783 4395 1122 4459 strongasour‘eleganoe.'
1156 4398 1205 4461 Cp.
1217 4397 1312 4461 Sandys
1325 4412 1357 4445 on

158 4460 293 4527 planatory
304 4461 447 4527 apposition
458 4466 485 4510 to
496 4475 604 4512 eorum.
784 4461 851 4511 Orat.
864 4475 888 4526 9.
901 4463 948 4523 283
965 4461 998 4510 ad
1010 4461 1071 4511 Her.
1084 4463 1116 4512 iv.
1131 4471 1159 4528 17
1173 4463 1310 4529 ‘elegantia
1320 4470 1358 4514 est
