3046 5040
186 363 249 427 106
532 363 583 426 M.
610 362 753 427 TULLI
773 362 1029 426 CICERONIS

119 552 172 599 109
186 534 254 599 ulla
269 533 479 599 dubitatione
497 531 699 614 respondeo'
733 533 823 616 ‘Ego
837 533 932 597 vero'
948 534 1055 616 inquit
1071 533 1240 598 Antonius
1256 526 1384 600 ‘inveni

186 639 263 715 iam,
288 659 388 720 quem
413 657 569 719 negaram
595 638 629 700 in
653 658 703 715 ee,
727 657 827 719 quem
855 639 978 721 scripsi,
1003 637 1115 702 libello
1142 660 1195 702 me
1222 639 1387 702 invenisse

185 742 406 824 eloquentem.
452 741 520 806 Sed
539 763 579 805 eo
596 752 630 805 te
646 763 687 804 ne
710 741 867 805 laudandi
889 741 1024 824 quidem
1045 762 1144 806 causa
1166 743 1385 824 interpellavi,

185 847 322 928 nequid
338 847 380 909 de
395 845 457 910 hoc
474 854 544 908 tam
559 846 682 928 exiguo
698 845 857 908 sermonis
877 846 926 909 tui
941 854 1093 928 tempore
1108 847 1209 911 verbo
1228 867 1296 911 uno
1312 867 1388 909 meo

121 971 175 1018 100
187 948 448 1014 deminueretur.'
494 949 613 1011 ‘Hanc
637 947 753 1030 igitur'
779 949 916 1012 Crassus
941 950 1047 1030 inquit
1078 951 1139 1012 ‘ad
1170 950 1278 1032 legem
1310 969 1413 1026 cum5

187 1054 426 1116 exercitatione
453 1062 524 1115 tum
552 1052 638 1130 stile,
665 1053 721 1134 qui
746 1062 779 1116 et
803 1052 868 1116 alia
895 1062 928 1115 et
955 1053 1018 1116 hoc
1043 1054 1190 1116 maxime
1222 1063 1321 1117 ornat
1349 1073 1388 1115 ac

119 1177 121 1181 ⁴
187 1157 292 1233 limat,
310 1155 484 1219 formanda
497 1156 594 1218 nobis
609 1157 714 1219 oratio
730 1165 791 1219 est.
824 1157 943 1237 Neque
958 1165 1070 1219 tamen
1086 1157 1148 1219 hoc
1163 1158 1249 1220 tanti
1264 1156 1389 1220 laboris

187 1271 248 1338 est,
266 1261 381 1343 quanti
401 1260 541 1336 videtur,
564 1279 624 1322 nec
643 1269 719 1323 sunt
738 1258 820 1323 haec
834 1259 1097 1341 rhythmicorum
1113 1270 1170 1323 aut
1186 1261 1389 1323 musicorum

187 1365 343 1431 acerrima
359 1383 475 1426 norma
490 1363 671 1444 derigenda
685 1387 692 1438 3
716 1363 923 1427 efficiendum
940 1372 990 1426 est
1008 1363 1090 1427 illud
1107 1366 1209 1427 modo
1226 1363 1332 1436 nobis,
1349 1383 1390 1426 ne

187 1467 269 1538 fluat
284 1467 401 1543 oratio,
418 1487 459 1530 ne
474 1476 623 1548 vagetur,
644 1487 686 1529 ne
707 1467 837 1529 insistat
858 1467 1003 1540 interius,
1021 1488 1062 1529 ne
1077 1477 1232 1530 excurrat
1248 1467 1389 1548 longius,
1404 1499 1432 1534 ro

189 1582 226 1637 ut
260 1571 417 1634 membris
453 1570 687 1650 distinguatur,
723 1578 760 1632 ut
793 1571 1022 1633 conversiones
1058 1570 1180 1634 habeat
1208 1571 1389 1634 absolutas.

189 1675 308 1757 Neque
332 1695 463 1755 semper
491 1675 650 1736 utendum
678 1684 728 1738 est
755 1674 979 1756 perpetuitate
1005 1682 1038 1736 et
1060 1675 1153 1756 quasi
1176 1674 1391 1737 conversione

187 1781 374 1855 verborum,
390 1778 449 1840 sed
470 1798 569 1858 saepe
588 1778 752 1860 carpenda
771 1776 925 1840 membris
948 1777 1180 1841 minutioribus
1200 1778 1307 1841 oratio
1330 1788 1390 1853 est,

125 1905 175 1952 101
189 1904 273 1966 quae
296 1892 408 1945 tamen
430 1882 502 1963 ipsa
530 1882 680 1944 membra
702 1891 780 1944 sunt
806 1881 948 1943 numeris
972 1881 1152 1945 vincienda.
1185 1881 1305 1962 Neque
1331 1902 1391 1944 vos

189 2006 295 2070 paean
324 1995 382 2048 aut
406 1984 526 2047 herous
550 1984 605 2046 ille
627 1986 821 2048 conturbet:
837 2007 839 2010 ’
854 1985 915 2066 ipsi
938 1993 1108 2047 occurrent
1130 1985 1293 2062 orationi;
1318 1985 1390 2067 ipsi,
1408 2017 1433 2064 15

191 2091 338 2171 inquam,
362 2109 398 2150 se
422 2087 560 2151 offerent
587 2097 620 2150 et
645 2088 890 2168 respondebunt
917 2107 983 2149 non
1007 2089 1126 2151 vocati.
1172 2087 1392 2151 Consuetudo

190 2193 291 2256 modo
308 2191 363 2255 illa
379 2191 421 2254 sit
437 2192 600 2255 scribendi
616 2203 717 2272 atque
733 2193 872 2264 dicendi,
892 2201 930 2254 ut
952 2193 1135 2254 sententiae
1149 2193 1259 2256 verbis
1275 2191 1392 2255 finiana

190 2307 244 2359 tur
264 2314 446 2375 eorumque
466 2296 641 2357 verborum
662 2296 786 2358 iunctio
808 2304 961 2358 nascatur
978 2315 998 2356 a
1021 2296 1163 2377 proceris
1187 2297 1331 2358 numeris
1354 2316 1393 2358 ac

190 2399 308 2476 liberis,
336 2398 483 2461 maxime
505 2399 607 2461 heroo
630 2407 689 2461 aut
711 2418 838 2479 paeane
860 2399 968 2479 priore
991 2407 1048 2462 aut
1071 2400 1201 2476 cretico,
1224 2400 1283 2461 sed
1304 2399 1394 2461 varie

191 2504 414 2583 distincteque
429 2502 589 2565 considat.
626 2501 772 2564 Notatur
787 2503 876 2564 enim
893 2502 1041 2564 maxime
1061 2502 1244 2565 similitudo
1266 2503 1298 2565 in
1315 2522 1392 2566 con·
1408 2533 1437 2566 20

216 2618 238 2654 1.
256 2603 346 2654 inveni
355 2603 408 2652 iam
420 2605 456 2652 M
464 2603 490 2650 H
505 2604 545 2651 Fr.
580 2604 670 2653 inveni
679 2604 779 2652 tandem
792 2620 814 2653 s.
882 2616 905 2665 5.
926 2605 1031 2652 Crassus
1042 2604 1130 2668 inquit
1139 2605 1207 2654 delet
1219 2605 1260 2655 Fr.
1333 2615 1370 2669 17.

566 2670 719 2717 sementare.
734 2707 739 2717 .
752 2705 758 2718 .
772 2685 904 2734 eorumque
915 2669 971 2718 incl.
984 2669 1018 2717 K.

818 2752 906 2814 phrase
921 2752 942 2798 is
956 2767 985 2799 so
1002 2758 1101 2814 strange
1116 2753 1170 2801 that
1184 2752 1204 2800 it
1222 2768 1300 2801 seems
1318 2759 1347 2802 to
1364 2753 1395 2802 be

818 2825 925 2880 connpt,
942 2816 1061 2880 possibly,
1074 2832 1101 2864 as
1113 2819 1157 2866 Dr.
1170 2818 1235 2866 Reid
1250 2819 1344 2879 thinks,
1357 2820 1395 2867 for

226 2766 247 2801 a.
264 2753 374 2801 libello:
393 2749 409 2799 i.
421 2765 461 2813 94,
475 2751 509 2799 iii.
520 2764 558 2813 54

226 2831 248 2879 5.
265 2821 339 2866 hano
348 2820 385 2864 ad
395 2820 496 2876 legem,
504 2817 577 2865 ‘with
586 2817 673 2878 regard
685 2823 711 2865 to
718 2817 766 2864 this

191 2880 252 2932 law’
263 2883 292 2930 ol
299 2883 341 2930 the
353 2882 476 2944 rhythmic
485 2881 609 2931 character
619 2881 647 2929 os
653 2890 759 2945 oratory.

226 2951 340 2996 (transm
352 2950 461 3003 inquit:
480 2963 518 3010 cp.
529 2955 587 2996 note
598 2963 630 2994 on
642 2948 658 2994 i.
673 2961 726 3011 149.

225 3012 248 3061 6.
267 3016 349 3061 stilo:
375 3013 392 3060 i.
418 3025 473 3072 150,
498 3025 552 3073 257,
575 3012 655 3060 where
679 3012 766 3062 ‘multi

192 3075 303 3128 sudoris’
316 3092 422 3125 answers
433 3086 460 3125 to
474 3078 551 3126 ‘tanti
562 3077 665 3126 laboris’
678 3080 742 3127 here.

225 3159 248 3207 9.
268 3157 366 3192 norma
393 3143 429 3206 (ii.
455 3144 512 3206 178)
535 3144 556 3191 is
577 3142 708 3206 explained
734 3145 767 3206 by

193 3208 410 3270 Benfey,inCu1t.
424 3208 504 3257 Princ.
520 3209 535 3257 i.
553 3222 607 3272 209,
621 3225 648 3257 as
659 3209 698 3256 for
705 3224 765 3271 gno·

193 3272 409 3335 ήηιαιγνωρίμηε
425 3273 767 3324 Mr.Wharton’sderivation

192 3356 220 3388 as
232 3340 269 3388 lor
283 3355 382 3398 nonme,
398 3338 495 3399 ‘nintlr,'
512 3341 615 3389 because
631 3340 715 3388 Lwas
726 3339 768 3387 the

192 3406 262 3453 ninth
274 3405 345 3454 letter
355 3406 380 3452 in
392 3405 433 3453 the
445 3405 565 3453 Etruscan
575 3405 623 3453 and
634 3405 675 3453 the
688 3404 768 3453 Falis-

817 2882 927 2930 celerius.

853 2960 890 2995 11.
907 2951 1113 3004 conversiones,
1125 2949 1132 2974 ‘
1139 2947 1254 3012 periods,‘
1266 2965 1294 2998 as
1305 2950 1393 3010 above,

819 3018 831 3072 ᾖ
848 3011 1111 3142 iii'nequssneque
1121 3085 1213 3130 tamen.

854 3156 891 3203 13.
900 3147 1053 3199 carpenda:
1065 3160 1102 3193 we
1109 3144 1199 3193 should
1206 3145 1269 3194 have
1275 3145 1397 3209 expected

817 3209 983 3284 discerpenda.
1018 3210 1098 3259 There
1113 3210 1173 3286 does
1188 3217 1232 3258 not
1248 3220 1354 3288 seemto
1367 3212 1396 3258 be

819 3276 949 3388 till?
959 3276 1397 3404 ,lztnsstalpiltttbtttt

819 3404 853 3452 iii.
866 3403 906 3459 61,
920 3404 970 3466 13).
1005 3406 1069 3454 Reid
1082 3414 1192 3469 suggests
1198 3407 1345 3470 partienda.

193 3486 238 3518 can
250 3470 375 3534 alphabet,
384 3471 405 3518 is
414 3486 483 3519 more
491 3471 620 3532 ingenious
628 3471 688 3518 than
696 3471 769 3534 prob·
855 3484 893 3533 14.
911 3474 1034 3518 numeris
1041 3474 1203 3520 vincienda:
1219 3486 1260 3534 cp.
1268 3473 1340 3521 Orat.
1351 3483 1398 3532 ²²3

192 3536 259 3594 able,
271 3536 320 3583 and
330 3536 390 3584 does
403 3543 447 3584 not
460 3552 518 3584 even
535 3537 582 3584 snit
594 3535 636 3584 the
654 3535 731 3600 shape
743 3535 772 3584 of
820 3539 901 3599 ‘quae
918 3536 1012 3585 incisim
1028 3545 1070 3584 aut
1085 3537 1241 3586 membratim
1257 3537 1398 3597 efferuntur,

193 3601 236 3650 the
247 3601 367 3649 Etruscan
381 3601 410 3648 L.
446 3601 497 3648 For
512 3601 554 3649 the
569 3600 680 3649 disserent
696 3601 769 3649 kinds

194 3667 223 3714 os
232 3681 322 3714 norma
330 3683 370 3714 see
378 3667 443 3714 Dict.
453 3667 511 3714 Ant.
541 3666 591 3714 For
599 3669 726 3723 derigere
738 3666 768 3715 cf.

193 3731 243 3781 reff.
252 3732 276 3779 in
289 3731 406 3795 Nagelsb.
419 3729 484 3780 Stil.⁸
495 3747 519 3795 p.
531 3733 587 3793 428.

230 3810 267 3845 10.
284 3799 361 3856 fluat,
374 3797 416 3845 ‘be
426 3797 513 3845 diffuse
523 3797 572 3845 and
581 3793 717 3845 formless':
729 3812 768 3861 cp.

194 3863 263 3912 Orat.
276 3864 322 3926 198
331 3862 366 3911 ‘in
376 3862 482 3910 dicendo
490 3862 551 3910 nihil
560 3872 596 3911 est
605 3863 768 3926 propositum,

194 3928 241 3976 nisi
261 3936 288 3976 ut
307 3943 338 3975 ne
356 3927 519 3976 immoderata
538 3935 581 3976 aut
604 3936 708 3989 angusta
727 3938 769 3977 aut

194 3993 322 4053 dissoluta,
333 4001 373 4042 ant
382 3992 459 4041 fluens
470 3994 501 4043 sit
514 3992 617 4042 oratio':
635 4007 681 4040 220
693 3992 768 4041 ‘mul-

194 4068 247 4107 tum
265 4060 364 4108 interest
383 4068 465 4106 utrum
482 4074 611 4108 numerosa
629 4058 668 4117 sit,
686 4059 712 4106 id
733 4066 769 4108 est

194 4124 281 4175 similis
300 4139 464 4183 numerorum,
485 4140 517 4172 an
539 4125 612 4187 plane
629 4140 643 4172 e
664 4125 771 4174 numeris

195 4197 289 4240 constet
300 4190 394 4239 oratio:
413 4190 517 4238 alterum
533 4191 554 4238 si
568 4190 603 4250 fit,
616 4190 771 4238 intolerabile

194 4255 283 4303 vitium
301 4264 354 4303 est:
381 4255 484 4303 alterum
499 4256 546 4303 nisi
563 4255 597 4315 fit,
616 4256 735 4319 dissipata
747 4263 772 4305 et

195 4319 288 4369 inculta
299 4328 323 4369 et
332 4320 408 4370 fluens
419 4328 456 4369 est
468 4321 563 4371 oratio.’

819 3616 849 3650 ea
865 3600 905 3648 vel
922 3603 1047 3664 aptissime
1064 3602 1151 3650 cadere
1167 3600 1276 3652 debent.’
1310 3603 1399 3652 Cicero

820 3682 880 3729 goes
889 3682 921 3714 on
930 3676 957 3716 to
968 3676 1042 3730 quote
1053 3683 1068 3715 a
1077 3683 1181 3730 passage
1188 3668 1251 3716 from
1261 3667 1299 3715 his
1308 3668 1399 3732 speech

814 3739 864 3795 pro
883 3733 977 3781 Scauro
988 3740 1014 3780 to
1025 3733 1147 3781 illustrate
1158 3733 1214 3781 this.

856 3797 892 3845 16.
909 3802 1129 3859 respondebunt,
1142 3798 1211 3846 ‘will
1222 3805 1306 3863 report
1317 3800 1399 3848 them-

819 3860 910 3912 selves'
922 3879 950 3910 as
961 3871 1066 3926 present.

849 3938 886 3992 17.
905 3933 1062 3977 sententiae
1072 3931 1169 3978 verbis
1180 3931 1328 3988 finiantur,
1341 3929 1399 3978 ‘the

819 3993 938 4079 thoughts
949 4009 990 4042 are
1003 3994 1143 4058 completed
1156 3995 1187 4058 by
1201 3996 1227 4057 ti.
1236 4011 1257 4043 e.
1270 3994 1344 4056 with)
1358 3995 1401 4043 the

818 4059 906 4107 words

856 4126 893 4173 18.
909 4128 1027 4185 iunctio,
1038 4123 1235 4185 ‘combination,’
1243 4127 1337 4175 aword
1344 4142 1403 4190 very

822 4206 875 4238 rare
893 4191 918 4238 in
934 4190 1030 4250 Cicero,
1046 4190 1153 4254 perhaps
1168 4191 1227 4253 only
1240 4191 1267 4240 in
1279 4191 1354 4242 Tusa
1368 4193 1401 4241 D.

822 4256 839 4303 i.
853 4266 893 4317 71,
905 4256 954 4304 and
965 4263 1009 4304 not
1020 4255 1097 4304 found
1109 4255 1247 4305 elsewhere.
1283 4256 1398 4320 Madvig,

825 4322 889 4369 Adv.
901 4322 963 4370 Crit.
976 4322 1011 4371 iii.
1029 4334 1060 4384 95
1077 4321 1161 4370 would
1178 4322 1237 4370 read
1250 4323 1403 4381 coniunctio,

229 4389 344 4434 insistet
366 4390 493 4445 interius,
517 4391 590 4451 ‘stop
610 4387 679 4436 short
698 4387 723 4434 in
741 4387 773 4435 its
825 4402 852 4434 as
861 4386 903 4435 did
915 4387 1058 4434 Lambinus.

197 4449 300 4510 course,'
308 4450 350 4499 the
359 4451 482 4516 language
492 4454 592 4516 coming
600 4461 664 4502 toan
674 4453 721 4501 end
731 4452 772 4502 be·

859 4465 897 4501 ao.
920 4456 1062 4512 distinete,
1087 4453 1127 4500 ‘in
1146 4468 1162 4500 a
1181 4451 1274 4519 clearly
1296 4454 1406 4504 marked

196 4514 249 4566 iore
259 4515 301 4566 the
313 4516 420 4585 thought
431 4518 452 4567 is
467 4517 530 4581 sully
541 4517 685 4583 developed.
719 4518 775 4566 The
825 4519 941 4567 manner'
974 4521 1112 4577 considat,
1125 4517 1234 4568 ‘closes'
