3046 5040
216 377 278 423 100

566 361 617 423 M.
644 360 787 422 TULLI
807 361 1061 424 CICERONIS

213 534 329 608 monis,
351 534 417 598 alia
438 534 659 598 contentionis
681 534 793 611 verba,
817 553 925 615 neque
950 554 995 596 ex
1018 533 1083 597 alio
1105 554 1226 617 genere
1249 535 1294 600 ad
1318 556 1416 600 usum

211 638 422 713 cotidianum,
440 637 507 702 alio
521 638 565 701 ad
581 658 735 701 scaenam
751 657 977 720 pompamque
992 647 1187 717 sumuntur;
1212 641 1271 703 sed
1293 661 1333 704 ea
1353 661 1416 704 nos

212 761 287 804 cum
307 742 447 804 iacentia
469 742 661 805 sustulimus
686 761 704 804 e
732 742 852 818 medio,
877 741 960 805 sicut
985 740 1212 807 mollissimam
1236 763 1345 808 ceram
1370 746 1415 808 ad

213 854 362 907 nostrum
381 846 552 908 arbitrium
574 844 755 908 formamus
777 855 812 909 et
838 843 1003 927 fingimus.
1046 845 1166 927 Itaque
1195 856 1268 910 tum
1295 867 1416 929 graves

212 967 333 1024 sumus,
350 958 422 1012 tum
438 949 581 1021 subtiles,
597 959 668 1012 tum
691 949 836 1011 medium
852 949 1011 1030 quiddam
1028 958 1196 1013 tenemus:
1219 951 1266 1014 sic
1282 952 1442 1028 insutu-5

212 1060 282 1114 tam
299 1061 444 1115 nostram
460 1053 656 1116 sententiam
669 1054 818 1133 sequitur
829 1053 986 1115 orationis
998 1072 1101 1135 genus
1113 1053 1212 1135 idque
1224 1055 1267 1117 ad
1279 1074 1414 1118 ornnem

212 1155 340 1220 aurium
365 1155 567 1237 voluptatem
598 1166 632 1220 et
662 1156 847 1218 animorum
879 1165 1006 1218 motum
1034 1165 1180 1220 mutatur
1206 1166 1240 1220 et
1265 1159 1414 1221 vertitur.

73 1289 74 1292 ¹
147 1269 199 1318 1⁷8
213 1258 282 1324 Sed
309 1270 346 1323 ut
373 1260 406 1322 in
432 1259 596 1341 plerisque
626 1260 724 1322 rebus
754 1259 986 1324 incredibiliter
1015 1259 1080 1324 hoc
1110 1270 1228 1325 natura
1260 1271 1311 1325 est
1341 1263 1415 1343 ipsa

212 1363 377 1436 fabricata,
395 1364 440 1425 sic
458 1364 491 1426 in
511 1363 671 1439 oratione,
693 1371 729 1425 ut
750 1383 798 1440 ea,
819 1382 904 1445 quae
923 1365 1105 1426 maximam
1126 1364 1303 1428 utilitatem
1325 1366 1415 1429 inse

211 1468 426 1541 continerent,
449 1467 628 1549 plurimum
651 1466 767 1529 eadem
791 1465 951 1530 haberent
970 1465 1022 1529 vel
1045 1468 1215 1549 dignitatis
1237 1469 1290 1533 vel
1313 1491 1414 1552 saepe
1429 1496 1457 1530 10

213 1572 313 1634 etiam
326 1573 516 1634 venustatis.
556 1570 797 1634 Incolumitatis
809 1589 848 1632 ac
860 1570 976 1634 salutis
988 1572 1135 1634 omnium
1148 1592 1246 1635 causa
1258 1573 1413 1637 videmus

211 1673 300 1737 hunc
321 1683 445 1737 statum
468 1694 540 1737 esse
562 1673 660 1737 huius
683 1674 785 1736 totius
808 1674 922 1736 mundi
945 1684 1047 1756 atque
1070 1685 1215 1753 naturae,
1231 1679 1412 1740 rotundum

212 1787 248 1840 ut
267 1777 394 1842 caelum
414 1786 564 1858 terraque
585 1785 621 1840 ut
644 1777 754 1840 media
775 1777 818 1840 sit
839 1799 944 1859 eaque
962 1798 1021 1840 sua
1037 1779 1067 1840 vi
1085 1788 1233 1862 nutuque
1248 1790 1412 1858 teneatur,

210 1881 259 1946 sol
284 1891 321 1945 ut
347 1882 601 1958 circumferatur,
626 1890 662 1943 ut
688 1882 826 1944 accedat
856 1883 899 1945 ad
930 1881 1079 1947 brumale
1108 1883 1240 1966 signum
1270 1893 1304 1946 et
1335 1885 1413 1948 inde

210 1985 332 2048 sensim
347 1985 506 2048 ascendat
522 1985 555 2046 in
571 1985 733 2047 diversam
750 1995 899 2068 partem;
922 1994 960 2049 ut
977 1985 1056 2049 luna
1074 2006 1206 2050 accessu
1227 1998 1261 2050 et
1282 2007 1412 2052 recessu
1429 2011 1455 2060 ¹5

210 2087 301 2170 [suo]
328 2086 407 2151 solis
434 2088 543 2151 lumen
573 2089 735 2169 accipiat;
770 2099 807 2152 ut
838 2090 954 2152 eadem
984 2091 1092 2171 spatia
1121 2090 1267 2172 quinque
1296 2091 1413 2156 stellae

242 2236 265 2282 4.
283 2226 314 2268 ut
321 2225 376 2268 tum
388 2219 528 2268 Schiitzium
540 2227 637 2269 secutus
649 2221 687 2270 Fr.
741 2232 762 2278 7.
780 2221 886 2269 aurium
898 2238 917 2267 ω
927 2220 1009 2284 vulg:
1026 2228 1051 2269 et
1062 2221 1167 2269 aurium
1179 2221 1226 2271 Str.
1280 2235 1319 2284 14.
1335 2223 1414 2272 solut

208 2285 404 2348 circumferatur
421 2300 436 2334 ς·
452 2285 520 2348 vulg.
554 2286 591 2334 sol
605 2286 641 2334 ad
654 2301 709 2335 eam
726 2286 922 2350 circumferatur
932 2288 978 2342 M;
994 2287 1032 2335 sol
1042 2294 1072 2334 ut
1084 2302 1140 2335 eam
1151 2286 1358 2352 circumferatur
1369 2290 1411 2339 Fr.

212 2350 248 2399 16.
266 2367 310 2399 suo
322 2367 370 2399 om.
384 2352 420 2399 M
425 2368 431 2400 z
449 2351 506 2400 incl.
521 2351 545 2399 K
559 2352 599 2399 Fr.

209 2450 278 2500 Orat.
292 2449 325 2512 64
343 2451 441 2515 ‘itaque
459 2451 547 2513 [oratio
565 2449 781 2514 philosophorum]

209 2531 290 2566 sermo
307 2517 390 2580 potius
407 2531 482 2579 quam
499 2515 578 2564 oratio
595 2514 701 2566 dicitur!
733 2517 781 2580 Cp.

210 2585 293 2640 §²11-

245 2644 783 2710 1.contentionis‚‘e1evatedspeech,’5203.

244 2726 265 2761 ν.
284 2716 321 2759 sd
332 2727 461 2761 scaenam
470 2728 663 2772 pompamque,
678 2713 730 2761 ‘for
741 2713 783 2761 the

209 2777 301 2841 parade
313 2777 341 2825 of
349 2778 435 2840 public
446 2775 512 2826 life':
530 2777 555 2825 ii.
568 2779 623 2839 338.

243 2856 264 2903 3.
282 2845 412 2927 iacentis,
430 2847 473 2891 ‘as
490 2842 549 2905 they
566 2842 608 2906 lay
625 2851 651 2892 at
670 2859 715 2891 our
734 2843 783 2891 dis-

226 2908 287 2957 osal.

208 2924 225 2972 p
240 2977 406 3022 sustulimus
414 2988 428 3020 e
436 2976 538 3033 medio,
546 2981 594 3022 ‘we
603 2973 665 3022 have
673 2973 783 3037 adopted

208 3040 272 3087 from
282 3054 398 3088 common
409 3038 480 3086 use':
499 3054 538 3102 cp.
551 3039 597 3087 Ov.
611 3041 664 3086 Art.
677 3040 734 3086 Am.
747 3039 781 3087 iii.

207 3114 256 3167 479
272 3111 300 3152 ‘e
316 3104 399 3152 medio
414 3113 578 3168 consuetaque
592 3104 666 3152 verba
684 3104 782 3168 puellae

207 3167 322 3218 scribite?
356 3169 379 3216 It
397 3169 417 3216 is
431 3170 510 3217 worth
527 3170 615 3232 noting
632 3170 686 3218 that
699 3169 782 3218 tollere

206 3235 235 3283 dr
252 3234 330 3282 medio
346 3235 391 3282 has
407 3234 449 3283 the
466 3250 523 3298 very
539 3235 650 3284 different
668 3236 782 3299 meaning

207 3300 236 3348 of
244 3300 321 3363 doing
332 3316 403 3363 away
413 3301 482 3360 with,
494 3301 642 3363 destroying.

240 3381 263 3427 4.
281 3371 356 3415 tum.
367 3373 456 3414 ..tum
466 3404 471 3414 .
482 3403 487 3414 .
497 3403 502 3414 .
511 3371 573 3413 tum
582 3367 652 3414 mark
661 3365 703 3415 the
713 3364 782 3414 three

206 3431 273 3481 chief
282 3431 357 3494 styles
368 3431 397 3479 of
406 3439 511 3495 oratory,
526 3431 620 3480 lntrod.
634 3449 658 3495 p.
669 3446 709 3494 44.

240 3511 262 3558 5.
280 3501 416 3546 subtiles:
434 3498 449 3545 i.
463 3512 485 3559 5,
500 3510 529 3556 17
543 3496 631 3558 (note).

241 3576 279 3610 10.
296 3565 442 3621 haberent,
455 3563 515 3610 with
526 3561 568 3610 the
580 3577 699 3625 sequence
710 3562 781 3610 usual

206 3627 268 3676 after
279 3643 294 3675 a
305 3629 396 3691 perfect
408 3634 482 3686 tense,
490 3643 551 3676 even
559 3628 639 3676 where
647 3643 684 3675 we
692 3626 781 3676 should

206 3709 275 3741 more
286 3693 409 3756 naturally
421 3692 537 3741 translate
549 3693 581 3757 by
592 3709 607 3740 a
618 3699 716 3754 present
727 3709 781 3756 per-

206 3757 263 3807 fect.
306 3758 344 3806 Cf.
367 3758 468 3806 Holden
486 3775 518 3806 on
539 3758 592 3807 Cic.
610 3757 658 3807 Off.
677 3758 703 3806 ii.
724 3772 747 3819 1,
768 3771 778 3805 1

206 3824 434 3888 ‘quemadmodum
462 3823 542 3872 officis
573 3824 719 3872 ducerentur
748 3825 780 3873 ab

206 3889 353 3938 honestate.
367 3924 371 3935 .
384 3925 390 3938 .
404 3890 465 3938 satis
475 3889 626 3952 explicatum
639 3889 758 3937 arbitror.'

241 3968 278 4015 13.
296 3968 347 4003 sus
360 3958 392 4003 vi
402 3960 540 4015 nutuque,
553 3955 597 4018 ‘by
612 3955 688 4003 virtue
706 3953 735 4002 of
749 3954 781 4002 its

206 4035 263 4069 own
274 4018 417 4083 tendency’:
436 4026 516 4068 nutus
531 4020 552 4069 is
569 4020 623 4069 that
635 4019 780 4068 inclination

205 4092 233 4134 to
245 4086 289 4134 the
300 4092 388 4144 centre,
398 4085 489 4143 which,
502 4085 634 4149 according
645 4093 672 4133 to
683 4085 781 4133 ancient

205 4149 780 4215 viewsofphysics,heldtheuniversetogether,

206 4216 256 4264 and
274 4217 316 4266 the
333 4216 401 4265 earth
417 4218 442 4264 in
460 4217 492 4264 its
509 4232 599 4280 proper
616 4215 687 4280 place
700 4216 725 4264 in
737 4215 780 4264 the

206 4289 294 4331 centre.
329 4283 378 4345 Cp.
395 4282 468 4330 Tusc.
487 4282 520 4328 D.
536 4283 551 4329 i.
568 4296 600 4343 40
617 4281 780 4345 ‘persuadent

206 4347 373 4396 mathematici
385 4382 391 4396 .
408 4383 414 4396 .
426 4382 432 4394 .
444 4353 472 4395 ut
484 4384 490 4395 .
502 4382 508 4394 .
522 4383 528 4394 .
540 4355 636 4396 terrena
656 4354 680 4395 et
695 4346 781 4394 umida

205 4421 292 4476 suopte
306 4421 367 4460 nutu
380 4419 405 4461 et
416 4428 462 4460 suo
474 4411 600 4475 pondere.
614 4447 621 4459 .
634 4447 640 4459 .
652 4412 676 4459 in
688 4419 779 4460 terram

205 4485 230 4527 et
246 4479 272 4528 in
287 4493 354 4526 mare
370 4475 500 4527 ferantnr':
518 4477 550 4527 de
568 4477 627 4527 Nat.
646 4477 679 4527 D.
697 4477 723 4526 ii
747 4478 779 4541 98

837 2453 877 2498 ‘ac
884 2451 1076 2515 principioterra
1082 2450 1195 2500 universa
1201 2457 1321 2513 cernatur,
1328 2453 1411 2503 locata

833 2516 858 2563 in
870 2517 953 2564 media
964 2516 1022 2565 sede
1034 2517 1127 2574 mundi,
1140 2516 1221 2565 solida
1232 2523 1257 2566 et
1268 2518 1375 2582 globosa
1386 2527 1411 2568 et

832 2580 941 2644 undique
952 2582 1006 2646 ipsa
1022 2582 1046 2629 in
1063 2597 1114 2630 sese
1126 2583 1227 2631 nutibus
1242 2584 1292 2632 suis
1307 2584 1410 2649 conglo-

833 2645 917 2695 bata':
942 2647 1005 2695 Plat.
1018 2647 1110 2695 Phaed.
1125 2660 1172 2710 109
1185 2648 1208 2694 A
1220 2646 1367 2708 πέπεισμαι.
1383 2685 1388 2697 .
1403 2689 1409 2700 .

834 2711 854 2758 εἰ
866 2711 934 2760 ἔστιν
946 2712 972 2759 ἐν
983 2711 1050 2774 μέσῳ
1062 2712 1097 2773 τῷ
1108 2713 1203 2774 οὐρανῷ
1215 2714 1340 2778 περιφερὴς
1348 2712 1410 2763 οὖσα

834 2777 862 2840 [ἡ
873 2777 918 2840 γῆ]
932 2776 1007 2839 μηδὲν
1017 2778 1082 2839 αὐτῷ
1096 2779 1146 2825 δεῖν
1159 2777 1219 2839 μήτε
1231 2777 1300 2840 ἀέρος
1312 2778 1368 2843 πρὸς
1381 2779 1410 2828 τὸ

833 2841 867 2902 μὴ
884 2843 967 2890 πεσεῖν
984 2842 1046 2903 μήτε
1068 2845 1146 2904 ἄλλης
1167 2842 1273 2905 ἀνάγκης
1295 2847 1410 2907 μηδεμιᾶς

832 2907 950 2969 τοιαύτης,
962 2908 1021 2956 ἀλλ’
1030 2907 1114 2968 ἱκανὴν
1126 2906 1185 2956 εἶναι
1197 2910 1272 2970 αὐτὴν
1281 2913 1352 2973 σχεῖν
1364 2911 1410 2972 τὴν

833 2971 966 3034 ὁμοιότητα
978 2975 1021 3022 τοῦ
1032 2975 1133 3035 οὐρανοῦ
1143 2975 1219 3036 ἑαυτῷ
1232 2974 1309 3039 πάντη
1320 2975 1359 3024 eal
1367 2978 1410 3038 τῆς

832 3038 877 3101 γῆς
888 3039 960 3098 αὐτῆς
971 3038 1017 3098 τὴν
1027 3038 1172 3101 ἰσορροπίαν.

868 3118 905 3166 14.
923 3109 1037 3154 socedat
1046 3109 1083 3153 sd
1090 3108 1216 3154 brumale
1226 3109 1350 3164 signum:
1367 3109 1409 3156 the

833 3171 899 3218 sun’s
915 3180 1035 3234 apparent
1052 3170 1112 3234 path
1128 3171 1196 3220 siuks
1211 3179 1238 3219 to
1255 3172 1297 3220 the
1312 3174 1367 3236 sign
1383 3173 1412 3222 of

833 3236 999 3299 Capricornus
1018 3243 1044 3283 at
1065 3237 1106 3285 the
1121 3236 1207 3285 winter
1217 3237 1325 3287 solstice.
1360 3239 1408 3302 Cp.

833 3301 928 3349 Lucret.
948 3317 972 3350 v.
992 3300 1040 3363 617
1061 3302 1110 3350 and
1132 3301 1163 3350 de
1186 3302 1244 3350 Nat.
1265 3303 1298 3351 I).
1319 3303 1354 3352 iii.
1376 3313 1407 3366 37

833 3368 952 3429 ‘eamque
967 3382 1066 3414 causam
1083 3366 1215 3417 Cleanthes
1230 3367 1300 3416 affert
1317 3385 1409 3418 curse

833 3431 879 3480 sol
901 3431 1009 3480 referat
1031 3448 1084 3481 nec
1107 3432 1229 3495 longius
1251 3435 1408 3497 progredi·

832 3503 900 3544 atur
911 3496 1076 3545 solstitiali
1091 3498 1157 3545 orbi
1173 3500 1281 3563 itemque
1291 3499 1407 3560 brumali,

832 3578 862 3610 ue
873 3562 972 3626 longius
982 3563 1091 3611 discedat
1103 3579 1117 3610 a
1129 3561 1201 3611 cibo'

868 3641 904 3690 15.
922 3643 1035 3677 accessu
1044 3635 1072 3676 et
1080 3643 1198 3686 recessu,
1208 3631 1249 3677 ‘as
1257 3629 1277 3678 it
1286 3630 1407 3680 advances

832 3692 880 3740 and
898 3692 994 3743 retires'
1008 3695 1057 3755 (for
1067 3693 1109 3742 the
1126 3694 1255 3742 antithesis
1272 3710 1312 3743 see
1330 3694 1406 3759 Key's

831 3760 897 3807 Dict.
927 3775 946 3806 s.
954 3775 976 3807 v.
1005 3760 1130 3820 accessus),
1160 3766 1205 3807 not
1235 3760 1405 3810 instrumental

831 3824 957 3883 ablatives,
974 3825 1056 3872 which
1073 3824 1158 3872 would
1179 3825 1260 3888 imply
1278 3832 1322 3874 too
1345 3827 1405 3874 bold

830 3905 845 3937 a
857 3905 959 3951 zeugma
971 3891 1080 3938 between
1091 3904 1205 3938 accessu
1215 3891 1265 3938 and
1276 3895 1403 3948 accipiat

831 3954 878 4018 Cp.
891 3955 922 4003 de
939 3955 998 4003 Nat.
1015 3956 1047 4002 D.
1064 3956 1088 4002 ii.
1105 3969 1136 4016 50
1153 3955 1218 4003 ‘iam
1235 3955 1295 4004 solis
1312 3973 1407 4007 annuos

830 4035 913 4068 cursus
925 4021 1011 4084 spatiis
1027 4021 1155 4068 menstruis
1169 4020 1228 4068 luna
1240 4024 1404 4086 consequitur,

830 4087 898 4134 euius
914 4086 1082 4134 tenuissimum
1101 4085 1184 4134 lumen
1202 4085 1262 4135 facit
1279 4089 1406 4150 proximus

830 4166 942 4199 accessus
957 4151 988 4198 ad
1005 4150 1091 4209 solem,
1109 4150 1232 4214 digressus
1248 4158 1331 4201 autem
1351 4153 1403 4202 lon·

829 4216 944 4280 gissimus
955 4217 1057 4279 quisque
1069 4216 1255 4279 plenissimum)

865 4280 903 4329 16.
921 4285 1018 4329 eadem
1038 4285 1138 4341 spatis,
1157 4283 1199 4330 the
1218 4297 1287 4330 same
1307 4296 1406 4332 courses

830 4345 920 4408 (round
935 4345 977 4394 the
992 4345 1072 4410 earth)
1091 4362 1119 4395 as
1135 4347 1177 4397 the
1194 4363 1238 4396 sun
1254 4347 1304 4396 and
1320 4363 1406 4407 moon,

829 4419 874 4460 not
884 4427 913 4459 as
922 4413 983 4460 each
993 4412 1071 4461 other.
1106 4412 1135 4460 ln
1147 4412 1177 4461 de
1188 4413 1247 4461 Nat.
1261 4413 1294 4463 D.
1303 4413 1329 4461 ii.
1340 4427 1405 4477 5a-3

830 4476 919 4526 Cicero
925 4477 1057 4527 namesthe
1065 4477 1163 4542 planete
1169 4477 1218 4527 and
1225 4477 1267 4528 the
1273 4478 1410 4543 periodsof
