<?xml version="1.0" encoding="UTF-8"?>
<!DOCTYPE html PUBLIC "-//W3C//DTD XHTML 1.0 Transitional//EN"
    "http://www.w3.org/TR/xhtml1/DTD/xhtml1-transitional.dtd">
<html xmlns="http://www.w3.org/1999/xhtml" xml:lang="en" lang="en">
 <head>
  <title>
</title>
<meta http-equiv="Content-Type" content="text/html;charset=utf-8" />
  <meta name='ocr-system' content='tesseract 3.04.00' />
  <meta name='ocr-capabilities' content='ocr_page ocr_carea ocr_par ocr_line ocrx_word'/>
</head>
<body>
  <div class='ocr_page' id='page_1' title='image "./mtulliciceronis00wilkgoog_0125.png"; bbox 0 0 3046 5040; ppageno 0'>
   <div class='ocr_carea' id='block_1_1' title="bbox 190 361 252 420">
    <p class='ocr_par' dir='ltr' id='par_1_1' title="bbox 190 361 252 420">
     <span class='ocr_line' id='line_1_1' title="bbox 190 361 252 420; baseline 0 -14"><span class='ocrx_word' id='word_1_1' title='bbox 190 361 252 420; x_wconf 88' lang='lat'>114</span> 
     </span>
    </p>
   </div>
   <div class='ocr_carea' id='block_1_2' title="bbox 537 338 1032 404">
    <p class='ocr_par' dir='ltr' id='par_1_2' title="bbox 537 338 1032 404">
     <span class='ocr_line' id='line_1_2' title="bbox 537 338 1032 404; baseline -0.006 0"><span class='ocrx_word' id='word_1_2' title='bbox 537 342 587 404; x_wconf 88' lang='lat' dir='ltr'>M.</span> <span class='ocrx_word' id='word_1_3' title='bbox 612 342 754 403; x_wconf 85' lang='lat' dir='ltr'><em>YULLI</em></span> <span class='ocrx_word' id='word_1_4' title='bbox 777 338 1032 404; x_wconf 87' lang='lat' dir='ltr'><em>CICERONIS</em></span> 
     </span>
    </p>
   </div>
   <div class='ocr_carea' id='block_1_3' title="bbox 119 527 1416 1235">
    <p class='ocr_par' dir='ltr' id='par_1_3' title="bbox 119 527 1416 1235">
     <span class='ocr_line' id='line_1_3' title="bbox 187 527 1388 612; baseline -0.005 -20"><span class='ocrx_word' id='word_1_5' title='bbox 187 527 328 593; x_wconf 88' lang='lat' dir='ltr'>finitima</span> <span class='ocrx_word' id='word_1_6' title='bbox 351 529 445 611; x_wconf 87' lang='lat' dir='ltr'>quasi</span> <span class='ocrx_word' id='word_1_7' title='bbox 470 530 675 612; x_wconf 89' lang='lat' dir='ltr'>percontatio</span> <span class='ocrx_word' id='word_1_8' title='bbox 704 529 937 611; x_wconf 86' lang='lat' dir='ltr'>expositioque</span> <span class='ocrx_word' id='word_1_9' title='bbox 966 527 1150 592; x_wconf 89' lang='lat' dir='ltr'>sententiae</span> <span class='ocrx_word' id='word_1_10' title='bbox 1179 546 1280 602; x_wconf 84' lang='lat' dir='ltr'>suae3</span> <span class='ocrx_word' id='word_1_11' title='bbox 1314 534 1388 589; x_wconf 92' lang='lat' dir='ltr'>tum</span> 
     </span>
     <span class='ocr_line' id='line_1_4' title="bbox 187 629 1389 715; baseline -0.002 -21"><span class='ocrx_word' id='word_1_12' title='bbox 187 633 252 709; x_wconf 89' lang='lat' dir='ltr'>illa,</span> <span class='ocrx_word' id='word_1_13' title='bbox 269 654 355 715; x_wconf 88' lang='lat' dir='ltr'>quae</span> <span class='ocrx_word' id='word_1_14' title='bbox 371 633 517 696; x_wconf 85' lang='lat' dir='ltr'>maxime</span> <span class='ocrx_word' id='word_1_15' title='bbox 532 633 624 715; x_wconf 89' lang='lat' dir='ltr'>quasi</span> <span class='ocrx_word' id='word_1_16' title='bbox 641 635 760 715; x_wconf 84' lang='lat' dir='ltr'>inrepit</span> <span class='ocrx_word' id='word_1_17' title='bbox 778 634 810 696; x_wconf 92' lang='lat' dir='ltr'>in</span> <span class='ocrx_word' id='word_1_18' title='bbox 832 632 1003 696; x_wconf 93' lang='lat' dir='ltr'>hominum</span> <span class='ocrx_word' id='word_1_19' title='bbox 1020 633 1149 708; x_wconf 88' lang='lat' dir='ltr'>mentis,</span> <span class='ocrx_word' id='word_1_20' title='bbox 1165 629 1229 694; x_wconf 90' lang='lat' dir='ltr'>alia</span> <span class='ocrx_word' id='word_1_21' title='bbox 1245 629 1389 692; x_wconf 89' lang='lat' dir='ltr'>dicentis</span> 
     </span>
     <span class='ocr_line' id='line_1_5' title="bbox 187 735 1388 820; baseline -0.006 -19"><span class='ocrx_word' id='word_1_22' title='bbox 187 758 226 801; x_wconf 89' lang='lat' dir='ltr'>ac</span> <span class='ocrx_word' id='word_1_23' title='bbox 255 735 472 820; x_wconf 89' lang='lat' dir='ltr'>significantis</span> <span class='ocrx_word' id='word_1_24' title='bbox 502 737 742 814; x_wconf 83' lang='lat' dir='ltr'>dissimulati03</span> <span class='ocrx_word' id='word_1_25' title='bbox 778 756 864 818; x_wconf 90' lang='lat' dir='ltr'>quae</span> <span class='ocrx_word' id='word_1_26' title='bbox 891 745 941 801; x_wconf 91' lang='lat' dir='ltr'>est</span> <span class='ocrx_word' id='word_1_27' title='bbox 967 735 1177 819; x_wconf 90' lang='lat' dir='ltr'>periucunda,</span> <span class='ocrx_word' id='word_1_28' title='bbox 1203 755 1280 798; x_wconf 92' lang='lat' dir='ltr'>cum</span> <span class='ocrx_word' id='word_1_29' title='bbox 1312 752 1388 796; x_wconf 90' lang='lat' dir='ltr'>ora·</span> 
     </span>
     <span class='ocr_line' id='line_1_6' title="bbox 187 837 1389 918; baseline -0.005 -13"><span class='ocrx_word' id='word_1_30' title='bbox 187 841 287 905; x_wconf 91' lang='lat' dir='ltr'>tionis</span> <span class='ocrx_word' id='word_1_31' title='bbox 302 860 368 902; x_wconf 93' lang='lat' dir='ltr'>non</span> <span class='ocrx_word' id='word_1_32' title='bbox 384 841 604 917; x_wconf 83' lang='lat' dir='ltr'>contentione,</span> <span class='ocrx_word' id='word_1_33' title='bbox 621 843 678 904; x_wconf 90' lang='lat' dir='ltr'>sed</span> <span class='ocrx_word' id='word_1_34' title='bbox 701 861 851 904; x_wconf 88' lang='lat' dir='ltr'>sermone</span> <span class='ocrx_word' id='word_1_35' title='bbox 869 849 1048 918; x_wconf 88' lang='lat' dir='ltr'>tractatur;</span> <span class='ocrx_word' id='word_1_36' title='bbox 1071 839 1191 903; x_wconf 91' lang='lat' dir='ltr'>deinde</span> <span class='ocrx_word' id='word_1_37' title='bbox 1209 837 1389 911; x_wconf 86' lang='lat' dir='ltr'>dubitatio,</span> 
     </span>
     <span class='ocr_line' id='line_1_7' title="bbox 186 940 1416 1025; baseline -0.003 -16"><span class='ocrx_word' id='word_1_38' title='bbox 186 955 259 1009; x_wconf 92' lang='lat' dir='ltr'>tum</span> <span class='ocrx_word' id='word_1_39' title='bbox 275 942 473 1017; x_wconf 84' lang='lat' dir='ltr'>distributio,</span> <span class='ocrx_word' id='word_1_40' title='bbox 489 954 561 1007; x_wconf 93' lang='lat' dir='ltr'>tum</span> <span class='ocrx_word' id='word_1_41' title='bbox 583 946 740 1009; x_wconf 89' lang='lat' dir='ltr'>correctio</span> <span class='ocrx_word' id='word_1_42' title='bbox 760 945 813 1008; x_wconf 90' lang='lat' dir='ltr'>vel</span> <span class='ocrx_word' id='word_1_43' title='bbox 833 955 910 1008; x_wconf 90' lang='lat' dir='ltr'>ante</span> <span class='ocrx_word' id='word_1_44' title='bbox 931 943 985 1006; x_wconf 92' lang='lat' dir='ltr'>vel</span> <span class='ocrx_word' id='word_1_45' title='bbox 999 953 1177 1025; x_wconf 87' lang='lat' dir='ltr'>postquam</span> <span class='ocrx_word' id='word_1_46' title='bbox 1193 943 1322 1005; x_wconf 90' lang='lat' dir='ltr'>dixeris</span> <span class='ocrx_word' id='word_1_47' title='bbox 1337 940 1388 1004; x_wconf 92' lang='lat' dir='ltr'>vel</span> <span class='ocrx_word' id='word_1_48' title='bbox 1403 956 1416 1005; x_wconf 87' lang='lat'><strong>5</strong></span> 
     </span>
     <span class='ocr_line' id='line_1_8' title="bbox 119 1045 1388 1131; baseline 0 -25"><span class='ocrx_word' id='word_1_49' title='bbox 119 1063 174 1108; x_wconf 81' lang='lat'>204</span> <span class='ocrx_word' id='word_1_50' title='bbox 188 1068 262 1112; x_wconf 93' lang='lat' dir='ltr'>cum</span> <span class='ocrx_word' id='word_1_51' title='bbox 278 1047 402 1128; x_wconf 89' lang='lat' dir='ltr'>aliquid</span> <span class='ocrx_word' id='word_1_52' title='bbox 419 1055 488 1111; x_wconf 86' lang='lat' dir='ltr'>ate</span> <span class='ocrx_word' id='word_1_53' title='bbox 505 1049 577 1129; x_wconf 90' lang='lat' dir='ltr'>ipso</span> <span class='ocrx_word' id='word_1_54' title='bbox 593 1049 727 1122; x_wconf 81' lang='lat' dir='ltr'>reicias3</span> <span class='ocrx_word' id='word_1_55' title='bbox 750 1049 971 1131; x_wconf 86' lang='lat' dir='ltr'>praemunitio</span> <span class='ocrx_word' id='word_1_56' title='bbox 991 1049 1093 1110; x_wconf 89' lang='lat' dir='ltr'>etiam</span> <span class='ocrx_word' id='word_1_57' title='bbox 1112 1056 1162 1110; x_wconf 92' lang='lat' dir='ltr'>est</span> <span class='ocrx_word' id='word_1_58' title='bbox 1176 1047 1219 1110; x_wconf 92' lang='lat' dir='ltr'>ad</span> <span class='ocrx_word' id='word_1_59' title='bbox 1236 1045 1279 1118; x_wconf 92' lang='lat' dir='ltr'>id,</span> <span class='ocrx_word' id='word_1_60' title='bbox 1295 1045 1388 1128; x_wconf 92' lang='lat' dir='ltr'>quod</span> 
     </span>
     <span class='ocr_line' id='line_1_9' title="bbox 188 1147 1389 1235; baseline -0.006 -19"><span class='ocrx_word' id='word_1_61' title='bbox 188 1151 390 1235; x_wconf 86' lang='lat' dir='ltr'>adgrediare,</span> <span class='ocrx_word' id='word_1_62' title='bbox 414 1160 447 1213; x_wconf 87' lang='lat' dir='ltr'>et</span> <span class='ocrx_word' id='word_1_63' title='bbox 468 1151 616 1215; x_wconf 88' lang='lat' dir='ltr'>traiectio</span> <span class='ocrx_word' id='word_1_64' title='bbox 639 1153 672 1214; x_wconf 92' lang='lat' dir='ltr'>in</span> <span class='ocrx_word' id='word_1_65' title='bbox 694 1152 815 1227; x_wconf 85' lang='lat' dir='ltr'>alium3</span> <span class='ocrx_word' id='word_1_66' title='bbox 838 1152 1104 1226; x_wconf 68' lang='lat' dir='ltr'>communicatio</span> <span class='ocrx_word' id='word_1_67' title='bbox 1121 1171 1206 1232; x_wconf 89' lang='lat' dir='ltr'>quae</span> <span class='ocrx_word' id='word_1_68' title='bbox 1221 1157 1272 1213; x_wconf 90' lang='lat' dir='ltr'>est</span> <span class='ocrx_word' id='word_1_69' title='bbox 1292 1147 1389 1230; x_wconf 88' lang='lat' dir='ltr'>quasi</span> 
     </span>
    </p>
   </div>
   <div class='ocr_carea' id='block_1_4' title="bbox 542 1287 1025 1348">
    <p class='ocr_par' dir='ltr' id='par_1_4' title="bbox 542 1287 1025 1348">
     <span class='ocr_line' id='line_1_10' title="bbox 542 1287 1025 1348; baseline 0 -12"><span class='ocrx_word' id='word_1_70' title='bbox 542 1301 563 1348; x_wconf 84' lang='lat'>3.</span> <span class='ocrx_word' id='word_1_71' title='bbox 583 1287 705 1336; x_wconf 82' lang='lat' dir='ltr'>orationis</span> <span class='ocrx_word' id='word_1_72' title='bbox 716 1289 752 1336; x_wconf 94' lang='lat' dir='ltr'><em>M</em></span> <span class='ocrx_word' id='word_1_73' title='bbox 759 1288 798 1336; x_wconf 83' lang='lat' dir='ltr'>Fr.</span> <span class='ocrx_word' id='word_1_74' title='bbox 808 1307 814 1338; x_wconf 77' lang='lat' dir='ltr'>z</span> <span class='ocrx_word' id='word_1_75' title='bbox 832 1288 861 1336; x_wconf 88' lang='lat' dir='ltr'>in</span> <span class='ocrx_word' id='word_1_76' title='bbox 872 1289 983 1336; x_wconf 83' lang='lat' dir='ltr'>oratione</span> <span class='ocrx_word' id='word_1_77' title='bbox 993 1289 1025 1337; x_wconf 88' lang='lat' dir='ltr'>L.</span> 
     </span>
    </p>
   </div>
   <div class='ocr_carea' id='block_1_5' title="bbox 189 1419 767 4485">
    <p class='ocr_par' dir='ltr' id='par_1_5' title="bbox 189 1419 763 1600">
     <span class='ocr_line' id='line_1_11' title="bbox 191 1419 763 1485; baseline 0.002 -17"><span class='ocrx_word' id='word_1_78' title='bbox 191 1436 211 1480; x_wconf 78' lang='grc' dir='ltr'>α,</span> <span class='ocrx_word' id='word_1_79' title='bbox 227 1432 239 1482; x_wconf 80' lang='lat'>7</span> <span class='ocrx_word' id='word_1_80' title='bbox 254 1420 401 1483; x_wconf 87' lang='lat' dir='ltr'>‘figuratum</span> <span class='ocrx_word' id='word_1_81' title='bbox 417 1427 500 1468; x_wconf 87' lang='lat' dir='ltr'>autem</span> <span class='ocrx_word' id='word_1_82' title='bbox 520 1419 631 1485; x_wconf 86' lang='lat' dir='ltr'>[rogare]</span> <span class='ocrx_word' id='word_1_83' title='bbox 648 1422 763 1485; x_wconf 86' lang='lat' dir='ltr'>quotiens</span> 
     </span>
     <span class='ocr_line' id='line_1_12' title="bbox 189 1485 762 1549; baseline 0 -15"><span class='ocrx_word' id='word_1_84' title='bbox 189 1502 239 1534; x_wconf 91' lang='lat' dir='ltr'>non</span> <span class='ocrx_word' id='word_1_85' title='bbox 259 1486 398 1535; x_wconf 79' lang='lat' dir='ltr'>sciscitandi</span> <span class='ocrx_word' id='word_1_86' title='bbox 409 1485 490 1549; x_wconf 88' lang='lat' dir='ltr'>gratia</span> <span class='ocrx_word' id='word_1_87' title='bbox 507 1487 643 1535; x_wconf 81' lang='lat' dir='ltr'>adsumitur</span> <span class='ocrx_word' id='word_1_88' title='bbox 658 1487 700 1536; x_wconf 88' lang='lat' dir='ltr'>sed</span> <span class='ocrx_word' id='word_1_89' title='bbox 726 1486 762 1534; x_wconf 89' lang='lat' dir='ltr'>in-</span> 
     </span>
     <span class='ocr_line' id='line_1_13' title="bbox 189 1551 288 1600; baseline -0.01 0"><span class='ocrx_word' id='word_1_90' title='bbox 189 1551 288 1600; x_wconf 65' lang='lat' dir='ltr'>standi)</span> 
     </span>
    </p>

    <p class='ocr_par' dir='ltr' id='par_1_6' title="bbox 189 1615 762 1941">
     <span class='ocr_line' id='line_1_14' title="bbox 226 1615 762 1681; baseline 0.002 -17"><span class='ocrx_word' id='word_1_91' title='bbox 226 1630 248 1665; x_wconf 94' lang='lat'>1.</span> <span class='ocrx_word' id='word_1_92' title='bbox 265 1619 457 1673; x_wconf 81' lang='lat' dir='ltr'>percontatio:</span> <span class='ocrx_word' id='word_1_93' title='bbox 475 1616 559 1678; x_wconf 85' lang='lat' dir='ltr'>Quint.</span> <span class='ocrx_word' id='word_1_94' title='bbox 574 1617 605 1664; x_wconf 87' lang='lat' dir='ltr'>ix.</span> <span class='ocrx_word' id='word_1_95' title='bbox 620 1631 640 1668; x_wconf 84' lang='lat' dir='ltr'>a.</span> <span class='ocrx_word' id='word_1_96' title='bbox 655 1615 670 1664; x_wconf 92' lang='lat'><em>6</em></span> <span class='ocrx_word' id='word_1_97' title='bbox 686 1617 762 1681; x_wconf 86' lang='lat' dir='ltr'>‘quid</span> 
     </span>
     <span class='ocr_line' id='line_1_15' title="bbox 190 1682 762 1745; baseline -0.002 -14"><span class='ocrx_word' id='word_1_98' title='bbox 190 1683 256 1731; x_wconf 87' lang='lat' dir='ltr'>enim</span> <span class='ocrx_word' id='word_1_99' title='bbox 269 1690 321 1730; x_wconf 90' lang='lat' dir='ltr'>tarn</span> <span class='ocrx_word' id='word_1_100' title='bbox 333 1696 464 1729; x_wconf 88' lang='lat' dir='ltr'>commuue</span> <span class='ocrx_word' id='word_1_101' title='bbox 476 1697 549 1744; x_wconf 89' lang='lat' dir='ltr'>quam</span> <span class='ocrx_word' id='word_1_102' title='bbox 560 1683 710 1745; x_wconf 88' lang='lat' dir='ltr'>interrogare</span> <span class='ocrx_word' id='word_1_103' title='bbox 723 1682 762 1731; x_wconf 91' lang='lat' dir='ltr'>vel</span> 
     </span>
     <span class='ocr_line' id='line_1_16' title="bbox 190 1747 762 1812; baseline -0.002 -16"><span class='ocrx_word' id='word_1_104' title='bbox 190 1747 345 1812; x_wconf 66' lang='lat' dir='ltr'>percontari?</span> <span class='ocrx_word' id='word_1_105' title='bbox 362 1762 419 1795; x_wconf 91' lang='lat' dir='ltr'>nam</span> <span class='ocrx_word' id='word_1_106' title='bbox 432 1754 535 1810; x_wconf 86' lang='lat' dir='ltr'>utroque</span> <span class='ocrx_word' id='word_1_107' title='bbox 551 1748 644 1795; x_wconf 87' lang='lat' dir='ltr'>utimur</span> <span class='ocrx_word' id='word_1_108' title='bbox 654 1747 762 1795; x_wconf 84' lang='lat' dir='ltr'>indiffer-</span> 
     </span>
     <span class='ocr_line' id='line_1_17' title="bbox 190 1812 761 1876; baseline -0.002 -14"><span class='ocrx_word' id='word_1_109' title='bbox 190 1821 265 1872; x_wconf 86' lang='lat' dir='ltr'>enter,</span> <span class='ocrx_word' id='word_1_110' title='bbox 289 1827 429 1876; x_wconf 85' lang='lat' dir='ltr'>quanquam</span> <span class='ocrx_word' id='word_1_111' title='bbox 451 1812 555 1860; x_wconf 89' lang='lat' dir='ltr'>alterum</span> <span class='ocrx_word' id='word_1_112' title='bbox 578 1813 703 1872; x_wconf 89' lang='lat' dir='ltr'>noscendi,</span> <span class='ocrx_word' id='word_1_113' title='bbox 726 1813 761 1861; x_wconf 91' lang='lat' dir='ltr'>al·</span> 
     </span>
     <span class='ocr_line' id='line_1_18' title="bbox 189 1875 735 1941; baseline -0.002 -15"><span class='ocrx_word' id='word_1_114' title='bbox 189 1885 269 1926; x_wconf 86' lang='lat' dir='ltr'>terum</span> <span class='ocrx_word' id='word_1_115' title='bbox 281 1877 398 1941; x_wconf 83' lang='lat' dir='ltr'>arguendi</span> <span class='ocrx_word' id='word_1_116' title='bbox 409 1878 488 1941; x_wconf 88' lang='lat' dir='ltr'>gratia</span> <span class='ocrx_word' id='word_1_117' title='bbox 499 1878 596 1926; x_wconf 88' lang='lat' dir='ltr'>videtur</span> <span class='ocrx_word' id='word_1_118' title='bbox 606 1875 735 1926; x_wconf 89' lang='lat' dir='ltr'>adhiberi.&#39;</span> 
     </span>
    </p>

    <p class='ocr_par' dir='ltr' id='par_1_7' title="bbox 189 1943 763 2466">
     <span class='ocr_line' id='line_1_19' title="bbox 224 1943 761 2000; baseline -0.004 -8"><span class='ocrx_word' id='word_1_119' title='bbox 224 1946 437 2000; x_wconf 79' lang='lat' dir='ltr'>expositioque:</span> <span class='ocrx_word' id='word_1_120' title='bbox 471 1943 540 1991; x_wconf 89' lang='lat' dir='ltr'>Orat.</span> <span class='ocrx_word' id='word_1_121' title='bbox 564 1943 611 1992; x_wconf 92' lang='lat' dir='ltr'>l.c.</span> <span class='ocrx_word' id='word_1_122' title='bbox 637 1946 678 1990; x_wconf 89' lang='lat' dir='ltr'>‘ut</span> <span class='ocrx_word' id='word_1_123' title='bbox 709 1959 761 1991; x_wconf 90' lang='lat' dir='ltr'>rur·</span> 
     </span>
     <span class='ocr_line' id='line_1_20' title="bbox 191 2008 761 2094; baseline -0.002 -37"><span class='ocrx_word' id='word_1_124' title='bbox 191 2024 231 2057; x_wconf 91' lang='lat' dir='ltr'>sus</span> <span class='ocrx_word' id='word_1_125' title='bbox 243 2009 314 2094; x_wconf 88' lang='lat' dir='ltr'>quasi</span> <span class='ocrx_word' id='word_1_126' title='bbox 325 2009 356 2056; x_wconf 92' lang='lat' dir='ltr'>ad</span> <span class='ocrx_word' id='word_1_127' title='bbox 373 2009 522 2071; x_wconf 89' lang='lat' dir='ltr'>interrogata</span> <span class='ocrx_word' id='word_1_128' title='bbox 538 2009 585 2056; x_wconf 90' lang='lat' dir='ltr'>sibi</span> <span class='ocrx_word' id='word_1_129' title='bbox 600 2008 651 2071; x_wconf 88' lang='lat' dir='ltr'>ipse</span> <span class='ocrx_word' id='word_1_130' title='bbox 662 2024 761 2072; x_wconf 90' lang='lat' dir='ltr'>respon·</span> 
     </span>
     <span class='ocr_line' id='line_1_21' title="bbox 190 2072 761 2136; baseline -0.002 -15"><span class='ocrx_word' id='word_1_131' title='bbox 190 2073 247 2123; x_wconf 90' lang='lat' dir='ltr'>deat</span> <span class='ocrx_word' id='word_1_132' title='bbox 268 2091 273 2121; x_wconf 94' lang='lat'>:</span> <span class='ocrx_word' id='word_1_133' title='bbox 292 2073 325 2122; x_wconf 93' lang='lat' dir='ltr'>ad</span> <span class='ocrx_word' id='word_1_134' title='bbox 337 2074 397 2121; x_wconf 89' lang='lat' dir='ltr'>Her.</span> <span class='ocrx_word' id='word_1_135' title='bbox 405 2073 437 2120; x_wconf 90' lang='lat' dir='ltr'>iv.</span> <span class='ocrx_word' id='word_1_136' title='bbox 448 2072 489 2134; x_wconf 81' lang='lat'>33⁶</span> <span class='ocrx_word' id='word_1_137' title='bbox 498 2073 617 2122; x_wconf 84' lang='lat' dir='ltr'>subiectio</span> <span class='ocrx_word' id='word_1_138' title='bbox 630 2073 761 2136; x_wconf 77' lang='grc' dir='ltr'>[ὑποφαρά]</span> 
     </span>
     <span class='ocr_line' id='line_1_22' title="bbox 190 2139 762 2201; baseline 0.002 -14"><span class='ocrx_word' id='word_1_139' title='bbox 190 2146 226 2188; x_wconf 90' lang='lat' dir='ltr'>est</span> <span class='ocrx_word' id='word_1_140' title='bbox 249 2154 305 2187; x_wconf 88' lang='lat' dir='ltr'>cum</span> <span class='ocrx_word' id='word_1_141' title='bbox 333 2139 511 2201; x_wconf 82' lang='lat' dir='ltr'>interrogamus</span> <span class='ocrx_word' id='word_1_142' title='bbox 538 2139 692 2187; x_wconf 89' lang='lat' dir='ltr'>adversarios</span> <span class='ocrx_word' id='word_1_143' title='bbox 720 2145 762 2188; x_wconf 87' lang='lat' dir='ltr'>aut</span> 
     </span>
     <span class='ocr_line' id='line_1_23' title="bbox 190 2203 763 2268; baseline 0.002 -16"><span class='ocrx_word' id='word_1_144' title='bbox 190 2206 330 2268; x_wconf 83' lang='lat' dir='ltr'>quaerimus</span> <span class='ocrx_word' id='word_1_145' title='bbox 346 2204 394 2267; x_wconf 89' lang='lat' dir='ltr'>ipsi</span> <span class='ocrx_word' id='word_1_146' title='bbox 413 2220 428 2251; x_wconf 87' lang='lat' dir='ltr'>a</span> <span class='ocrx_word' id='word_1_147' title='bbox 443 2203 515 2251; x_wconf 87' lang='lat' dir='ltr'>nobis</span> <span class='ocrx_word' id='word_1_148' title='bbox 532 2204 591 2267; x_wconf 93' lang='lat' dir='ltr'>quid</span> <span class='ocrx_word' id='word_1_149' title='bbox 608 2206 640 2253; x_wconf 91' lang='lat' dir='ltr'>ab</span> <span class='ocrx_word' id='word_1_150' title='bbox 658 2204 709 2253; x_wconf 91' lang='lat' dir='ltr'>illis</span> <span class='ocrx_word' id='word_1_151' title='bbox 720 2213 763 2253; x_wconf 89' lang='lat' dir='ltr'>aut</span> 
     </span>
     <span class='ocr_line' id='line_1_24' title="bbox 191 2269 761 2333; baseline 0 -16"><span class='ocrx_word' id='word_1_152' title='bbox 191 2269 251 2333; x_wconf 91' lang='lat' dir='ltr'>quid</span> <span class='ocrx_word' id='word_1_153' title='bbox 262 2276 348 2318; x_wconf 90' lang='lat' dir='ltr'>contra</span> <span class='ocrx_word' id='word_1_154' title='bbox 358 2284 403 2316; x_wconf 91' lang='lat' dir='ltr'>nos</span> <span class='ocrx_word' id='word_1_155' title='bbox 419 2269 468 2317; x_wconf 92' lang='lat' dir='ltr'>dici</span> <span class='ocrx_word' id='word_1_156' title='bbox 485 2270 563 2332; x_wconf 90' lang='lat' dir='ltr'>possit</span> <span class='ocrx_word' id='word_1_157' title='bbox 574 2286 580 2318; x_wconf 91' lang='lat'>:</span> <span class='ocrx_word' id='word_1_158' title='bbox 598 2269 685 2318; x_wconf 88' lang='lat' dir='ltr'>deinde</span> <span class='ocrx_word' id='word_1_159' title='bbox 696 2270 761 2317; x_wconf 91' lang='lat' dir='ltr'>subi-</span> 
     </span>
     <span class='ocr_line' id='line_1_25' title="bbox 191 2334 762 2398; baseline 0 -14"><span class='ocrx_word' id='word_1_160' title='bbox 191 2336 270 2384; x_wconf 87' lang='lat' dir='ltr'>cimus</span> <span class='ocrx_word' id='word_1_161' title='bbox 287 2335 313 2382; x_wconf 92' lang='lat' dir='ltr'>id</span> <span class='ocrx_word' id='word_1_162' title='bbox 330 2334 397 2397; x_wconf 94' lang='lat' dir='ltr'>quod</span> <span class='ocrx_word' id='word_1_163' title='bbox 415 2342 511 2398; x_wconf 85' lang='lat' dir='ltr'>oportet</span> <span class='ocrx_word' id='word_1_164' title='bbox 529 2334 594 2383; x_wconf 91' lang='lat' dir='ltr'>dici.‘</span> <span class='ocrx_word' id='word_1_165' title='bbox 628 2335 710 2384; x_wconf 87' lang='lat' dir='ltr'>There</span> <span class='ocrx_word' id='word_1_166' title='bbox 721 2351 762 2384; x_wconf 87' lang='lat' dir='ltr'>are</span> 
     </span>
     <span class='ocr_line' id='line_1_26' title="bbox 189 2399 699 2466; baseline 0 -18"><span class='ocrx_word' id='word_1_167' title='bbox 189 2399 258 2466; x_wconf 90' lang='lat' dir='ltr'>good</span> <span class='ocrx_word' id='word_1_168' title='bbox 269 2399 393 2463; x_wconf 89' lang='lat' dir='ltr'>examples</span> <span class='ocrx_word' id='word_1_169' title='bbox 405 2400 430 2447; x_wconf 89' lang='lat' dir='ltr'>in</span> <span class='ocrx_word' id='word_1_170' title='bbox 443 2399 593 2459; x_wconf 86' lang='lat' dir='ltr'>Volkmann,</span> <span class='ocrx_word' id='word_1_171' title='bbox 605 2416 630 2464; x_wconf 89' lang='lat' dir='ltr'>p.</span> <span class='ocrx_word' id='word_1_172' title='bbox 643 2414 699 2463; x_wconf 83' lang='lat'>493.</span> 
     </span>
    </p>

    <p class='ocr_par' dir='ltr' id='par_1_8' title="bbox 190 2463 763 3114">
     <span class='ocr_line' id='line_1_27' title="bbox 225 2463 760 2529; baseline 0 -17"><span class='ocrx_word' id='word_1_173' title='bbox 225 2478 247 2525; x_wconf 81' lang='lat'>3.</span> <span class='ocrx_word' id='word_1_174' title='bbox 265 2467 459 2522; x_wconf 80' lang='lat' dir='ltr'>dissimulatio,</span> <span class='ocrx_word' id='word_1_175' title='bbox 478 2463 590 2526; x_wconf 69' lang='lat' dir='ltr'>ripuaria,</span> <span class='ocrx_word' id='word_1_176' title='bbox 608 2482 646 2529; x_wconf 86' lang='lat' dir='ltr'>cp.</span> <span class='ocrx_word' id='word_1_177' title='bbox 665 2467 690 2513; x_wconf 92' lang='lat' dir='ltr'>ii.</span> <span class='ocrx_word' id='word_1_178' title='bbox 705 2464 760 2528; x_wconf 83' lang='lat'>269,</span> 
     </span>
     <span class='ocr_line' id='line_1_28' title="bbox 191 2530 762 2595; baseline 0 -16"><span class='ocrx_word' id='word_1_179' title='bbox 191 2531 259 2580; x_wconf 83' lang='lat' dir='ltr'>Orat.</span> <span class='ocrx_word' id='word_1_180' title='bbox 270 2530 280 2579; x_wconf 98' lang='lat' dir='ltr'>l</span> <span class='ocrx_word' id='word_1_181' title='bbox 292 2547 313 2579; x_wconf 95' lang='lat' dir='ltr'>c.</span> <span class='ocrx_word' id='word_1_182' title='bbox 326 2535 458 2579; x_wconf 87' lang='lat' dir='ltr'>‘utcontra</span> <span class='ocrx_word' id='word_1_183' title='bbox 467 2547 496 2580; x_wconf 90' lang='lat' dir='ltr'>ac</span> <span class='ocrx_word' id='word_1_184' title='bbox 507 2531 573 2578; x_wconf 90' lang='lat' dir='ltr'>dicat</span> <span class='ocrx_word' id='word_1_185' title='bbox 585 2531 664 2595; x_wconf 85' lang='lat' dir='ltr'>accipi</span> <span class='ocrx_word' id='word_1_186' title='bbox 676 2539 700 2579; x_wconf 92' lang='lat' dir='ltr'>et</span> <span class='ocrx_word' id='word_1_187' title='bbox 711 2547 762 2579; x_wconf 91' lang='lat' dir='ltr'>seu·</span> 
     </span>
     <span class='ocr_line' id='line_1_29' title="bbox 191 2595 761 2660; baseline 0.002 -17"><span class='ocrx_word' id='word_1_188' title='bbox 191 2597 231 2644; x_wconf 90' lang='lat' dir='ltr'>tiri</span> <span class='ocrx_word' id='word_1_189' title='bbox 249 2595 325 2644; x_wconf 78' lang='lat' dir='ltr'>velit&#39;</span> <span class='ocrx_word' id='word_1_190' title='bbox 359 2595 452 2660; x_wconf 85' lang='lat' dir='ltr'>Aquila</span> <span class='ocrx_word' id='word_1_191' title='bbox 472 2596 546 2645; x_wconf 89' lang='lat' dir='ltr'>Rom.</span> <span class='ocrx_word' id='word_1_192' title='bbox 570 2605 658 2660; x_wconf 91' lang='lat' dir='ltr'>quotes</span> <span class='ocrx_word' id='word_1_193' title='bbox 680 2611 708 2644; x_wconf 87' lang='lat' dir='ltr'>as</span> <span class='ocrx_word' id='word_1_194' title='bbox 730 2611 761 2644; x_wconf 88' lang='lat' dir='ltr'>an</span> 
     </span>
     <span class='ocr_line' id='line_1_30' title="bbox 190 2659 763 2724; baseline 0.002 -16"><span class='ocrx_word' id='word_1_195' title='bbox 190 2660 306 2724; x_wconf 84' lang='lat' dir='ltr'>example</span> <span class='ocrx_word' id='word_1_196' title='bbox 317 2661 346 2709; x_wconf 94' lang='lat' dir='ltr'>of</span> <span class='ocrx_word' id='word_1_197' title='bbox 352 2661 403 2709; x_wconf 90' lang='lat' dir='ltr'>this</span> <span class='ocrx_word' id='word_1_198' title='bbox 412 2661 453 2708; x_wconf 91' lang='lat' dir='ltr'>the</span> <span class='ocrx_word' id='word_1_199' title='bbox 466 2660 515 2709; x_wconf 87' lang='lat' dir='ltr'>first</span> <span class='ocrx_word' id='word_1_200' title='bbox 524 2661 605 2709; x_wconf 90' lang='lat' dir='ltr'>words</span> <span class='ocrx_word' id='word_1_201' title='bbox 618 2661 646 2709; x_wconf 90' lang='lat' dir='ltr'>of</span> <span class='ocrx_word' id='word_1_202' title='bbox 655 2659 763 2710; x_wconf 88' lang='lat' dir='ltr'>Cicero’s</span> 
     </span>
     <span class='ocr_line' id='line_1_31' title="bbox 191 2725 762 2790; baseline 0.002 -16"><span class='ocrx_word' id='word_1_203' title='bbox 191 2729 280 2790; x_wconf 90' lang='lat' dir='ltr'>speech</span> <span class='ocrx_word' id='word_1_204' title='bbox 300 2743 332 2775; x_wconf 91' lang='lat' dir='ltr'>on</span> <span class='ocrx_word' id='word_1_205' title='bbox 350 2726 437 2775; x_wconf 91' lang='lat' dir='ltr'>bebalf</span> <span class='ocrx_word' id='word_1_206' title='bbox 454 2725 482 2775; x_wconf 93' lang='lat' dir='ltr'>of</span> <span class='ocrx_word' id='word_1_207' title='bbox 500 2727 530 2789; x_wconf 88' lang='lat' dir='ltr'>Q.</span> <span class='ocrx_word' id='word_1_208' title='bbox 550 2727 670 2789; x_wconf 82' lang='lat' dir='ltr'>Ligarius</span> <span class='ocrx_word' id='word_1_209' title='bbox 707 2726 762 2775; x_wconf 91' lang='lat' dir='ltr'>The</span> 
     </span>
     <span class='ocr_line' id='line_1_32' title="bbox 192 2791 762 2854; baseline 0 -14"><span class='ocrx_word' id='word_1_210' title='bbox 192 2793 262 2854; x_wconf 93' lang='lat' dir='ltr'>irony</span> <span class='ocrx_word' id='word_1_211' title='bbox 273 2791 333 2840; x_wconf 87' lang='lat' dir='ltr'>does</span> <span class='ocrx_word' id='word_1_212' title='bbox 350 2801 394 2839; x_wconf 94' lang='lat' dir='ltr'>not</span> <span class='ocrx_word' id='word_1_213' title='bbox 410 2807 484 2841; x_wconf 90' lang='lat' dir='ltr'>occur</span> <span class='ocrx_word' id='word_1_214' title='bbox 494 2792 519 2839; x_wconf 89' lang='lat' dir='ltr'>in</span> <span class='ocrx_word' id='word_1_215' title='bbox 532 2791 608 2851; x_wconf 88' lang='lat' dir='ltr'>these,</span> <span class='ocrx_word' id='word_1_216' title='bbox 621 2792 665 2840; x_wconf 92' lang='lat' dir='ltr'>but</span> <span class='ocrx_word' id='word_1_217' title='bbox 683 2792 708 2840; x_wconf 90' lang='lat' dir='ltr'>in</span> <span class='ocrx_word' id='word_1_218' title='bbox 720 2791 762 2840; x_wconf 92' lang='lat' dir='ltr'>the</span> 
     </span>
     <span class='ocr_line' id='line_1_33' title="bbox 192 2856 761 2920; baseline -0.004 -15"><span class='ocrx_word' id='word_1_219' title='bbox 192 2857 340 2920; x_wconf 84' lang='lat' dir='ltr'>subsequcnt</span> <span class='ocrx_word' id='word_1_220' title='bbox 359 2856 442 2904; x_wconf 89' lang='lat' dir='ltr'>clause</span> <span class='ocrx_word' id='word_1_221' title='bbox 466 2857 581 2905; x_wconf 87' lang='lat' dir='ltr'>‘Paratus</span> <span class='ocrx_word' id='word_1_222' title='bbox 593 2893 599 2904; x_wconf 96' lang='lat'>.</span> <span class='ocrx_word' id='word_1_223' title='bbox 610 2893 632 2905; x_wconf 91' lang='lat'>..</span> <span class='ocrx_word' id='word_1_224' title='bbox 645 2856 761 2905; x_wconf 85' lang='lat' dir='ltr'>confiten-</span> 
     </span>
     <span class='ocr_line' id='line_1_34' title="bbox 191 2920 763 2985; baseline 0.003 -17"><span class='ocrx_word' id='word_1_225' title='bbox 191 2923 251 2969; x_wconf 91' lang='lat' dir='ltr'>dum</span> <span class='ocrx_word' id='word_1_226' title='bbox 269 2920 319 2969; x_wconf 85' lang='lat' dir='ltr'>est&#39;</span> <span class='ocrx_word' id='word_1_227' title='bbox 354 2922 428 2984; x_wconf 93' lang='lat' dir='ltr'>Irony</span> <span class='ocrx_word' id='word_1_228' title='bbox 440 2921 507 2970; x_wconf 92' lang='lat' dir='ltr'>often</span> <span class='ocrx_word' id='word_1_229' title='bbox 523 2937 627 2985; x_wconf 90' lang='lat' dir='ltr'>appears</span> <span class='ocrx_word' id='word_1_230' title='bbox 644 2923 724 2970; x_wconf 86' lang='lat' dir='ltr'>rather</span> <span class='ocrx_word' id='word_1_231' title='bbox 735 2937 763 2970; x_wconf 87' lang='lat' dir='ltr'>as</span> 
     </span>
     <span class='ocr_line' id='line_1_35' title="bbox 191 2986 761 3050; baseline 0 -16"><span class='ocrx_word' id='word_1_232' title='bbox 191 3004 206 3034; x_wconf 89' lang='lat' dir='ltr'>a</span> <span class='ocrx_word' id='word_1_233' title='bbox 218 2994 289 3050; x_wconf 91' lang='lat' dir='ltr'>trope</span> <span class='ocrx_word' id='word_1_234' title='bbox 301 2986 360 3035; x_wconf 88' lang='lat' dir='ltr'>than</span> <span class='ocrx_word' id='word_1_235' title='bbox 373 3003 400 3034; x_wconf 91' lang='lat' dir='ltr'>as</span> <span class='ocrx_word' id='word_1_236' title='bbox 412 3003 426 3035; x_wconf 88' lang='lat' dir='ltr'>a</span> <span class='ocrx_word' id='word_1_237' title='bbox 438 2986 521 3050; x_wconf 85' lang='lat' dir='ltr'>figure.</span> <span class='ocrx_word' id='word_1_238' title='bbox 556 2987 603 3050; x_wconf 90' lang='lat' dir='ltr'>Cp.</span> <span class='ocrx_word' id='word_1_239' title='bbox 612 2987 761 3045; x_wconf 88' lang='lat' dir='ltr'>Volkmann,</span> 
     </span>
     <span class='ocr_line' id='line_1_36' title="bbox 191 3051 444 3114; baseline -0.004 -15"><span class='ocrx_word' id='word_1_240' title='bbox 191 3063 249 3114; x_wconf 81' lang='lat'>417,</span> <span class='ocrx_word' id='word_1_241' title='bbox 262 3051 310 3099; x_wconf 91' lang='lat' dir='ltr'>and</span> <span class='ocrx_word' id='word_1_242' title='bbox 323 3065 444 3114; x_wconf 86' lang='lat'>500-504.</span> 
     </span>
    </p>

    <p class='ocr_par' dir='ltr' id='par_1_9' title="bbox 193 3121 763 3492">
     <span class='ocr_line' id='line_1_37' title="bbox 225 3121 762 3178; baseline 0.002 -14"><span class='ocrx_word' id='word_1_243' title='bbox 225 3133 249 3178; x_wconf 81' lang='lat'>4.</span> <span class='ocrx_word' id='word_1_244' title='bbox 267 3132 325 3165; x_wconf 91' lang='lat' dir='ltr'>non</span> <span class='ocrx_word' id='word_1_245' title='bbox 343 3121 531 3178; x_wconf 73' lang='lat' dir='ltr'>contentione,</span> <span class='ocrx_word' id='word_1_246' title='bbox 550 3121 600 3166; x_wconf 84' lang='lat' dir='ltr'>aad</span> <span class='ocrx_word' id='word_1_247' title='bbox 619 3133 762 3166; x_wconf 81' lang='lat' dir='ltr'>sermone:</span> 
     </span>
     <span class='ocr_line' id='line_1_38' title="bbox 193 3182 763 3231; baseline 0.002 -2"><span class='ocrx_word' id='word_1_248' title='bbox 193 3183 233 3229; x_wconf 88' lang='lat' dir='ltr'>‘in</span> <span class='ocrx_word' id='word_1_249' title='bbox 256 3197 271 3229; x_wconf 86' lang='lat' dir='ltr'>a</span> <span class='ocrx_word' id='word_1_250' title='bbox 292 3183 486 3231; x_wconf 87' lang='lat' dir='ltr'>couversational</span> <span class='ocrx_word' id='word_1_251' title='bbox 506 3182 588 3230; x_wconf 85' lang='lat' dir='ltr'>rather</span> <span class='ocrx_word' id='word_1_252' title='bbox 609 3183 669 3231; x_wconf 90' lang='lat' dir='ltr'>than</span> <span class='ocrx_word' id='word_1_253' title='bbox 690 3201 704 3231; x_wconf 87' lang='lat' dir='ltr'>a</span> <span class='ocrx_word' id='word_1_254' title='bbox 723 3183 763 3230; x_wconf 87' lang='lat' dir='ltr'>de-</span> 
     </span>
     <span class='ocr_line' id='line_1_39' title="bbox 193 3247 763 3310; baseline -0.004 -14"><span class='ocrx_word' id='word_1_255' title='bbox 193 3247 330 3310; x_wconf 85' lang='lat' dir='ltr'>clamatory</span> <span class='ocrx_word' id='word_1_256' title='bbox 347 3247 420 3307; x_wconf 89' lang='lat' dir='ltr'>tone,&#39;</span> <span class='ocrx_word' id='word_1_257' title='bbox 440 3253 453 3306; x_wconf 65' lang='grc' dir='ltr'><strong>ξ</strong></span> <span class='ocrx_word' id='word_1_258' title='bbox 473 3258 528 3310; x_wconf 72' lang='lat'>177.</span> <span class='ocrx_word' id='word_1_259' title='bbox 563 3264 612 3296; x_wconf 83' lang='lat' dir='ltr'>non</span> <span class='ocrx_word' id='word_1_260' title='bbox 630 3250 651 3296; x_wconf 87' lang='lat' dir='ltr'>is</span> <span class='ocrx_word' id='word_1_261' title='bbox 668 3247 763 3309; x_wconf 80' lang='lat' dir='ltr'>loosely</span> 
     </span>
     <span class='ocr_line' id='line_1_40' title="bbox 193 3313 763 3376; baseline 0.004 -16"><span class='ocrx_word' id='word_1_262' title='bbox 193 3313 281 3376; x_wconf 89' lang='lat' dir='ltr'>placed</span> <span class='ocrx_word' id='word_1_263' title='bbox 303 3313 365 3361; x_wconf 84' lang='lat' dir='ltr'>after</span> <span class='ocrx_word' id='word_1_264' title='bbox 383 3314 519 3362; x_wconf 82' lang='lat' dir='ltr'>orationis:</span> <span class='ocrx_word' id='word_1_265' title='bbox 547 3313 567 3362; x_wconf 87' lang='lat' dir='ltr'>it</span> <span class='ocrx_word' id='word_1_266' title='bbox 589 3313 678 3362; x_wconf 87' lang='lat' dir='ltr'>should</span> <span class='ocrx_word' id='word_1_267' title='bbox 700 3313 763 3362; x_wconf 90' lang='lat' dir='ltr'>have</span> 
     </span>
     <span class='ocr_line' id='line_1_41' title="bbox 193 3378 761 3442; baseline 0.002 -17"><span class='ocrx_word' id='word_1_268' title='bbox 193 3379 319 3442; x_wconf 87' lang='lat' dir='ltr'>preceded,</span> <span class='ocrx_word' id='word_1_269' title='bbox 336 3378 374 3426; x_wconf 90' lang='lat' dir='ltr'>for</span> <span class='ocrx_word' id='word_1_270' title='bbox 390 3395 428 3427; x_wconf 91' lang='lat' dir='ltr'>we</span> <span class='ocrx_word' id='word_1_271' title='bbox 444 3388 535 3428; x_wconf 87' lang='lat' dir='ltr'>cannot</span> <span class='ocrx_word' id='word_1_272' title='bbox 554 3395 598 3442; x_wconf 88' lang='lat' dir='ltr'>say</span> <span class='ocrx_word' id='word_1_273' title='bbox 614 3395 693 3427; x_wconf 83' lang='lat' dir='ltr'>sermo</span> <span class='ocrx_word' id='word_1_274' title='bbox 708 3394 761 3427; x_wconf 81' lang='lat' dir='ltr'>ora·</span> 
     </span>
     <span class='ocr_line' id='line_1_42' title="bbox 193 3444 276 3492; baseline 0.012 -1"><span class='ocrx_word' id='word_1_275' title='bbox 193 3444 276 3492; x_wconf 71' lang='lat' dir='ltr'>teonis.</span> 
     </span>
    </p>

    <p class='ocr_par' dir='ltr' id='par_1_10' title="bbox 193 3508 766 4340">
     <span class='ocr_line' id='line_1_43' title="bbox 227 3508 763 3572; baseline 0 -16"><span class='ocrx_word' id='word_1_276' title='bbox 227 3512 376 3569; x_wconf 84' lang='lat' dir='ltr'>dubitatio,</span> <span class='ocrx_word' id='word_1_277' title='bbox 396 3508 538 3572; x_wconf 78' lang='grc' dir='ltr'>διαπόρησις,</span> <span class='ocrx_word' id='word_1_278' title='bbox 555 3508 640 3570; x_wconf 79' lang='grc' dir='ltr'>ἀπορία</span> <span class='ocrx_word' id='word_1_279' title='bbox 657 3509 688 3557; x_wconf 90' lang='lat' dir='ltr'>ad</span> <span class='ocrx_word' id='word_1_280' title='bbox 703 3509 763 3557; x_wconf 89' lang='lat' dir='ltr'>Her.</span> 
     </span>
     <span class='ocr_line' id='line_1_44' title="bbox 195 3574 763 3638; baseline 0 -17"><span class='ocrx_word' id='word_1_281' title='bbox 195 3574 226 3621; x_wconf 91' lang='lat' dir='ltr'>iv.</span> <span class='ocrx_word' id='word_1_282' title='bbox 251 3589 283 3636; x_wconf 92' lang='lat'>40</span> <span class='ocrx_word' id='word_1_283' title='bbox 307 3575 347 3623; x_wconf 86' lang='lat' dir='ltr'>‘d.</span> <span class='ocrx_word' id='word_1_284' title='bbox 375 3583 411 3622; x_wconf 72' lang='lat' dir='ltr'>est</span> <span class='ocrx_word' id='word_1_285' title='bbox 437 3591 492 3622; x_wconf 91' lang='lat' dir='ltr'>cum</span> <span class='ocrx_word' id='word_1_286' title='bbox 522 3591 638 3638; x_wconf 89' lang='lat' dir='ltr'>quaerere</span> <span class='ocrx_word' id='word_1_287' title='bbox 667 3575 763 3622; x_wconf 88' lang='lat' dir='ltr'>videtur</span> 
     </span>
     <span class='ocr_line' id='line_1_45' title="bbox 194 3639 763 3703; baseline -0.002 -15"><span class='ocrx_word' id='word_1_288' title='bbox 194 3645 284 3698; x_wconf 90' lang='lat' dir='ltr'>orator,</span> <span class='ocrx_word' id='word_1_289' title='bbox 298 3648 378 3687; x_wconf 92' lang='lat' dir='ltr'>utrum</span> <span class='ocrx_word' id='word_1_290' title='bbox 395 3640 426 3688; x_wconf 91' lang='lat' dir='ltr'>de</span> <span class='ocrx_word' id='word_1_291' title='bbox 442 3640 539 3687; x_wconf 77' lang='lat' dir='ltr'>duobus¹</span> <span class='ocrx_word' id='word_1_292' title='bbox 554 3642 637 3703; x_wconf 89' lang='lat' dir='ltr'>potius</span> <span class='ocrx_word' id='word_1_293' title='bbox 651 3647 692 3688; x_wconf 90' lang='lat' dir='ltr'>aut</span> <span class='ocrx_word' id='word_1_294' title='bbox 704 3639 763 3702; x_wconf 92' lang='lat' dir='ltr'>quid</span> 
     </span>
     <span class='ocr_line' id='line_1_46' title="bbox 194 3703 761 3768; baseline -0.002 -16"><span class='ocrx_word' id='word_1_295' title='bbox 194 3704 225 3753; x_wconf 91' lang='lat' dir='ltr'>de</span> <span class='ocrx_word' id='word_1_296' title='bbox 248 3705 361 3768; x_wconf 87' lang='lat' dir='ltr'>pluribus</span> <span class='ocrx_word' id='word_1_297' title='bbox 380 3705 536 3768; x_wconf 89' lang='lat' dir='ltr'>potissimum</span> <span class='ocrx_word' id='word_1_298' title='bbox 559 3703 642 3754; x_wconf 90' lang='lat' dir='ltr'>dicat.&#39;</span> <span class='ocrx_word' id='word_1_299' title='bbox 676 3705 761 3766; x_wconf 89' lang='lat' dir='ltr'>Quint.</span> 
     </span>
     <span class='ocr_line' id='line_1_47' title="bbox 194 3769 764 3832; baseline 0.002 -15"><span class='ocrx_word' id='word_1_300' title='bbox 194 3771 218 3817; x_wconf 86' lang='lat' dir='ltr'>ix</span> <span class='ocrx_word' id='word_1_301' title='bbox 242 3784 264 3828; x_wconf 82' lang='lat' dir='ltr'>a,</span> <span class='ocrx_word' id='word_1_302' title='bbox 279 3783 309 3832; x_wconf 90' lang='lat'>19</span> <span class='ocrx_word' id='word_1_303' title='bbox 327 3770 420 3817; x_wconf 85' lang='lat' dir='ltr'>‘adfert</span> <span class='ocrx_word' id='word_1_304' title='bbox 437 3769 547 3832; x_wconf 88' lang='lat' dir='ltr'>aliquam</span> <span class='ocrx_word' id='word_1_305' title='bbox 564 3770 638 3818; x_wconf 91' lang='lat' dir='ltr'>fidem</span> <span class='ocrx_word' id='word_1_306' title='bbox 656 3770 764 3818; x_wconf 91' lang='lat' dir='ltr'>veritatis</span> 
     </span>
     <span class='ocr_line' id='line_1_48' title="bbox 193 3830 763 3899; baseline -0.002 -16"><span class='ocrx_word' id='word_1_307' title='bbox 193 3844 217 3884; x_wconf 89' lang='lat' dir='ltr'>et</span> <span class='ocrx_word' id='word_1_308' title='bbox 230 3835 359 3894; x_wconf 89' lang='lat' dir='ltr'>dubitatio,</span> <span class='ocrx_word' id='word_1_309' title='bbox 370 3851 426 3883; x_wconf 90' lang='lat' dir='ltr'>cum</span> <span class='ocrx_word' id='word_1_310' title='bbox 436 3835 579 3883; x_wconf 88' lang='lat' dir='ltr'>simulamus</span> <span class='ocrx_word' id='word_1_311' title='bbox 588 3830 702 3899; x_wconf 77' lang='lat' dir='ltr'>quaerere</span> <span class='ocrx_word' id='word_1_312' title='bbox 711 3851 763 3894; x_wconf 90' lang='lat' dir='ltr'>nos,</span> 
     </span>
     <span class='ocr_line' id='line_1_49' title="bbox 194 3899 764 3963; baseline -0.004 -14"><span class='ocrx_word' id='word_1_313' title='bbox 194 3901 259 3949; x_wconf 88' lang='lat' dir='ltr'>unde</span> <span class='ocrx_word' id='word_1_314' title='bbox 276 3899 450 3963; x_wconf 86' lang='lat' dir='ltr'>incipiendum,</span> <span class='ocrx_word' id='word_1_315' title='bbox 463 3901 506 3948; x_wconf 91' lang='lat' dir='ltr'>ubi</span> <span class='ocrx_word' id='word_1_316' title='bbox 523 3901 691 3959; x_wconf 88' lang='lat' dir='ltr'>desinendum,</span> <span class='ocrx_word' id='word_1_317' title='bbox 705 3900 764 3963; x_wconf 89' lang='lat' dir='ltr'>quid</span> 
     </span>
     <span class='ocr_line' id='line_1_50' title="bbox 194 3965 764 4029; baseline -0.002 -16"><span class='ocrx_word' id='word_1_318' title='bbox 194 3965 351 4029; x_wconf 89' lang='lat' dir='ltr'>potissimum</span> <span class='ocrx_word' id='word_1_319' title='bbox 368 3965 508 4024; x_wconf 90' lang='lat' dir='ltr'>dicendum,</span> <span class='ocrx_word' id='word_1_320' title='bbox 520 3981 552 4013; x_wconf 90' lang='lat' dir='ltr'>an</span> <span class='ocrx_word' id='word_1_321' title='bbox 569 3966 668 4014; x_wconf 88' lang='lat' dir='ltr'>omnino</span> <span class='ocrx_word' id='word_1_322' title='bbox 683 3967 764 4014; x_wconf 83' lang='lat' dir='ltr'>dicen·</span> 
     </span>
     <span class='ocr_line' id='line_1_51' title="bbox 194 4029 765 4094; baseline 0 -16"><span class='ocrx_word' id='word_1_323' title='bbox 194 4031 256 4078; x_wconf 91' lang='lat' dir='ltr'>dum</span> <span class='ocrx_word' id='word_1_324' title='bbox 274 4029 321 4078; x_wconf 70' lang='lat' dir='ltr'>sit!</span> <span class='ocrx_word' id='word_1_325' title='bbox 356 4030 441 4093; x_wconf 90' lang='lat' dir='ltr'>Quint.</span> <span class='ocrx_word' id='word_1_326' title='bbox 460 4038 547 4094; x_wconf 88' lang='lat' dir='ltr'>quotes</span> <span class='ocrx_word' id='word_1_327' title='bbox 565 4047 592 4079; x_wconf 88' lang='lat' dir='ltr'>as</span> <span class='ocrx_word' id='word_1_328' title='bbox 609 4046 639 4079; x_wconf 91' lang='lat' dir='ltr'>an</span> <span class='ocrx_word' id='word_1_329' title='bbox 652 4031 765 4094; x_wconf 84' lang='lat' dir='ltr'>example</span> 
     </span>
     <span class='ocr_line' id='line_1_52' title="bbox 194 4096 766 4160; baseline -0.002 -17"><span class='ocrx_word' id='word_1_330' title='bbox 194 4112 240 4159; x_wconf 94' lang='lat' dir='ltr'>pro</span> <span class='ocrx_word' id='word_1_331' title='bbox 258 4097 355 4145; x_wconf 91' lang='lat' dir='ltr'>Cluent.</span> <span class='ocrx_word' id='word_1_332' title='bbox 371 4111 402 4158; x_wconf 78' lang='lat'>43</span> <span class='ocrx_word' id='word_1_333' title='bbox 421 4096 571 4154; x_wconf 87' lang='lat' dir='ltr'>Volkmann,</span> <span class='ocrx_word' id='word_1_334' title='bbox 589 4113 613 4160; x_wconf 89' lang='lat' dir='ltr'>p.</span> <span class='ocrx_word' id='word_1_335' title='bbox 629 4105 685 4159; x_wconf 83' lang='lat'>497,</span> <span class='ocrx_word' id='word_1_336' title='bbox 705 4097 766 4144; x_wconf 89' lang='lat' dir='ltr'>adds</span> 
     </span>
     <span class='ocr_line' id='line_1_53' title="bbox 194 4160 766 4224; baseline 0 -16"><span class='ocrx_word' id='word_1_337' title='bbox 194 4161 220 4208; x_wconf 90' lang='lat' dir='ltr'>in</span> <span class='ocrx_word' id='word_1_338' title='bbox 232 4161 300 4209; x_wconf 89' lang='lat' dir='ltr'>Verr.</span> <span class='ocrx_word' id='word_1_339' title='bbox 312 4163 344 4208; x_wconf 84' lang='lat' dir='ltr'>iv.</span> <span class='ocrx_word' id='word_1_340' title='bbox 357 4176 380 4222; x_wconf 80' lang='lat'>3.</span> <span class='ocrx_word' id='word_1_341' title='bbox 394 4175 407 4222; x_wconf 84' lang='lat'>5</span> <span class='ocrx_word' id='word_1_342' title='bbox 422 4160 473 4224; x_wconf 86' lang='lat' dir='ltr'>(the</span> <span class='ocrx_word' id='word_1_343' title='bbox 490 4161 610 4210; x_wconf 82' lang='lat' dir='ltr'>reference</span> <span class='ocrx_word' id='word_1_344' title='bbox 622 4162 643 4209; x_wconf 92' lang='lat' dir='ltr'>is</span> <span class='ocrx_word' id='word_1_345' title='bbox 654 4161 766 4224; x_wconf 85' lang='lat' dir='ltr'>wrongly</span> 
     </span>
     <span class='ocr_line' id='line_1_54' title="bbox 195 4226 766 4340; baseline 0 -66"><span class='ocrx_word' id='word_1_346' title='bbox 195 4226 289 4340; x_wconf 61' lang='lat' dir='ltr'>given),</span> <span class='ocrx_word' id='word_1_347' title='bbox 310 4242 356 4289; x_wconf 90' lang='lat' dir='ltr'>pro</span> <span class='ocrx_word' id='word_1_348' title='bbox 373 4228 449 4274; x_wconf 90' lang='lat' dir='ltr'>Dom.</span> <span class='ocrx_word' id='word_1_349' title='bbox 473 4240 497 4289; x_wconf 88' lang='lat'>9,</span> <span class='ocrx_word' id='word_1_350' title='bbox 521 4240 560 4287; x_wconf 84' lang='lat' dir='ltr'>aa,</span> <span class='ocrx_word' id='word_1_351' title='bbox 581 4227 711 4276; x_wconf 90' lang='lat' dir='ltr'>Demosth.</span> <span class='ocrx_word' id='word_1_352' title='bbox 736 4227 766 4274; x_wconf 92' lang='lat' dir='ltr'>de</span> 
     </span>
    </p>

    <p class='ocr_par' dir='ltr' id='par_1_11' title="bbox 218 4304 319 4340">
     <span class='ocr_line' id='line_1_55' title="bbox 218 4304 319 4340; baseline -0.01 0"><span class='ocrx_word' id='word_1_353' title='bbox 218 4304 292 4340; x_wconf 83' lang='lat' dir='ltr'>onra</span> <span class='ocrx_word' id='word_1_354' title='bbox 314 4329 319 4339; x_wconf 99' lang='lat'>.</span> 
     </span>
    </p>

    <p class='ocr_par' dir='ltr' id='par_1_12' title="bbox 232 4306 767 4418">
     <span class='ocr_line' id='line_1_56' title="bbox 232 4306 767 4418; baseline 0 -14"><span class='ocrx_word' id='word_1_355' title='bbox 232 4372 255 4418; x_wconf 82' lang='lat'>5.</span> <span class='ocrx_word' id='word_1_356' title='bbox 274 4306 446 4414; x_wconf 61' lang='lat' dir='ltr'>distributio,</span> <span class='ocrx_word' id='word_1_357' title='bbox 458 4353 576 4418; x_wconf 71' lang='grc' dir='ltr'>διαίρσσις,</span> <span class='ocrx_word' id='word_1_358' title='bbox 591 4359 632 4404; x_wconf 92' lang='lat' dir='ltr'>‘ut</span> <span class='ocrx_word' id='word_1_359' title='bbox 647 4356 713 4405; x_wconf 87' lang='lat' dir='ltr'>aliud</span> <span class='ocrx_word' id='word_1_360' title='bbox 724 4357 767 4404; x_wconf 88' lang='lat' dir='ltr'>alii</span> 
     </span>
    </p>

    <p class='ocr_par' dir='ltr' id='par_1_13' title="bbox 196 4419 766 4485">
     <span class='ocr_line' id='line_1_57' title="bbox 196 4419 766 4485; baseline 0 -16"><span class='ocrx_word' id='word_1_361' title='bbox 196 4422 306 4470; x_wconf 88' lang='lat' dir='ltr'>tribuens</span> <span class='ocrx_word' id='word_1_362' title='bbox 315 4419 461 4485; x_wconf 87' lang='lat' dir='ltr'>dispertiat,&#39;</span> <span class='ocrx_word' id='word_1_363' title='bbox 471 4422 541 4471; x_wconf 88' lang='lat' dir='ltr'>Orat.</span> <span class='ocrx_word' id='word_1_364' title='bbox 552 4424 607 4484; x_wconf 81' lang='lat'>138,</span> <span class='ocrx_word' id='word_1_365' title='bbox 616 4423 648 4470; x_wconf 92' lang='lat' dir='ltr'>ad</span> <span class='ocrx_word' id='word_1_366' title='bbox 658 4423 719 4472; x_wconf 88' lang='lat' dir='ltr'>Her.</span> <span class='ocrx_word' id='word_1_367' title='bbox 733 4423 766 4470; x_wconf 87' lang='lat' dir='ltr'>iv.</span> 
     </span>
    </p>
   </div>
   <div class='ocr_carea' id='block_1_6' title="bbox 812 1421 1392 4488">
    <p class='ocr_par' dir='ltr' id='par_1_14' title="bbox 813 1421 1390 2333">
     <span class='ocr_line' id='line_1_58' title="bbox 813 1421 1390 1485; baseline 0 -17"><span class='ocrx_word' id='word_1_368' title='bbox 813 1430 844 1483; x_wconf 86' lang='lat'>47</span> <span class='ocrx_word' id='word_1_369' title='bbox 858 1421 896 1470; x_wconf 88' lang='lat' dir='ltr'>·d.</span> <span class='ocrx_word' id='word_1_370' title='bbox 908 1427 945 1470; x_wconf 89' lang='lat' dir='ltr'>est</span> <span class='ocrx_word' id='word_1_371' title='bbox 957 1437 1015 1470; x_wconf 93' lang='lat' dir='ltr'>cum</span> <span class='ocrx_word' id='word_1_372' title='bbox 1031 1422 1055 1470; x_wconf 93' lang='lat' dir='ltr'>in</span> <span class='ocrx_word' id='word_1_373' title='bbox 1067 1421 1149 1484; x_wconf 88' lang='lat' dir='ltr'>plures</span> <span class='ocrx_word' id='word_1_374' title='bbox 1159 1437 1197 1470; x_wconf 90' lang='lat' dir='ltr'>res</span> <span class='ocrx_word' id='word_1_375' title='bbox 1212 1427 1256 1469; x_wconf 90' lang='lat' dir='ltr'>aut</span> <span class='ocrx_word' id='word_1_376' title='bbox 1269 1436 1390 1485; x_wconf 85' lang='lat' dir='ltr'>personas</span> 
     </span>
     <span class='ocr_line' id='line_1_59' title="bbox 814 1487 1390 1551; baseline 0 -17"><span class='ocrx_word' id='word_1_377' title='bbox 814 1487 916 1548; x_wconf 87' lang='lat' dir='ltr'>negotia</span> <span class='ocrx_word' id='word_1_378' title='bbox 927 1487 1046 1551; x_wconf 90' lang='lat' dir='ltr'>quaedam</span> <span class='ocrx_word' id='word_1_379' title='bbox 1060 1495 1125 1535; x_wconf 83' lang='lat' dir='ltr'>certa</span> <span class='ocrx_word' id='word_1_380' title='bbox 1140 1487 1323 1550; x_wconf 87' lang='lat' dir='ltr'>dispertiuntur,</span> <span class='ocrx_word' id='word_1_381' title='bbox 1341 1487 1390 1535; x_wconf 88' lang='lat' dir='ltr'>hoc</span> 
     </span>
     <span class='ocr_line' id='line_1_60' title="bbox 813 1552 1389 1616; baseline 0.003 -18"><span class='ocrx_word' id='word_1_382' title='bbox 813 1553 904 1600; x_wconf 88' lang='lat' dir='ltr'>modo:</span> <span class='ocrx_word' id='word_1_383' title='bbox 922 1553 965 1616; x_wconf 92' lang='lat' dir='ltr'>qui</span> <span class='ocrx_word' id='word_1_384' title='bbox 978 1560 1090 1608; x_wconf 88' lang='lat' dir='ltr'>vestrum,</span> <span class='ocrx_word' id='word_1_385' title='bbox 1104 1552 1203 1606; x_wconf 86' lang='lat' dir='ltr'>iudices,</span> <span class='ocrx_word' id='word_1_386' title='bbox 1215 1567 1306 1600; x_wconf 89' lang='lat' dir='ltr'>nomen</span> <span class='ocrx_word' id='word_1_387' title='bbox 1319 1567 1389 1600; x_wconf 87' lang='lat' dir='ltr'>sena-</span> 
     </span>
     <span class='ocr_line' id='line_1_61' title="bbox 814 1616 1388 1680; baseline 0 -16"><span class='ocrx_word' id='word_1_388' title='bbox 814 1625 853 1665; x_wconf 92' lang='lat' dir='ltr'>tus</span> <span class='ocrx_word' id='word_1_389' title='bbox 865 1617 955 1680; x_wconf 87' lang='lat' dir='ltr'>diligit,</span> <span class='ocrx_word' id='word_1_390' title='bbox 968 1616 1035 1666; x_wconf 90' lang='lat' dir='ltr'>hunc</span> <span class='ocrx_word' id='word_1_391' title='bbox 1046 1618 1124 1666; x_wconf 87' lang='lat' dir='ltr'>oderit</span> <span class='ocrx_word' id='word_1_392' title='bbox 1135 1632 1233 1666; x_wconf 83' lang='lat' dir='ltr'>necesse</span> <span class='ocrx_word' id='word_1_393' title='bbox 1244 1623 1282 1665; x_wconf 87' lang='lat' dir='ltr'>est</span> <span class='ocrx_word' id='word_1_394' title='bbox 1294 1633 1300 1664; x_wconf 79' lang='grc' dir='ltr'>ς</span> <span class='ocrx_word' id='word_1_395' title='bbox 1318 1626 1388 1680; x_wconf 88' lang='lat' dir='ltr'>petu—</span> 
     </span>
     <span class='ocr_line' id='line_1_62' title="bbox 813 1682 1389 1746; baseline 0 -17"><span class='ocrx_word' id='word_1_396' title='bbox 813 1682 949 1731; x_wconf 85' lang='lat' dir='ltr'>lantissime</span> <span class='ocrx_word' id='word_1_397' title='bbox 967 1683 1033 1730; x_wconf 87' lang='lat' dir='ltr'>enim</span> <span class='ocrx_word' id='word_1_398' title='bbox 1050 1698 1148 1746; x_wconf 88' lang='lat' dir='ltr'>semper</span> <span class='ocrx_word' id='word_1_399' title='bbox 1164 1682 1211 1730; x_wconf 87' lang='lat' dir='ltr'>iste</span> <span class='ocrx_word' id='word_1_400' title='bbox 1229 1682 1389 1746; x_wconf 85' lang='lat' dir='ltr'>oppugnavit</span> 
     </span>
     <span class='ocr_line' id='line_1_63' title="bbox 813 1746 1387 1812; baseline -0.003 -16"><span class='ocrx_word' id='word_1_401' title='bbox 813 1756 942 1796; x_wconf 84' lang='lat' dir='ltr'>senatum:</span> <span class='ocrx_word' id='word_1_402' title='bbox 962 1749 1004 1811; x_wconf 91' lang='lat' dir='ltr'>qui</span> <span class='ocrx_word' id='word_1_403' title='bbox 1021 1757 1156 1812; x_wconf 90' lang='lat' dir='ltr'>equestrem</span> <span class='ocrx_word' id='word_1_404' title='bbox 1173 1746 1256 1796; x_wconf 92' lang='lat' dir='ltr'>locum</span> <span class='ocrx_word' id='word_1_405' title='bbox 1278 1747 1387 1811; x_wconf 90' lang='lat' dir='ltr'>splendi-</span> 
     </span>
     <span class='ocr_line' id='line_1_64' title="bbox 813 1812 1387 1876; baseline 0.003 -16"><span class='ocrx_word' id='word_1_406' title='bbox 813 1813 943 1861; x_wconf 91' lang='lat' dir='ltr'>dissimum</span> <span class='ocrx_word' id='word_1_407' title='bbox 961 1813 1029 1876; x_wconf 90' lang='lat' dir='ltr'>cupit</span> <span class='ocrx_word' id='word_1_408' title='bbox 1044 1828 1096 1862; x_wconf 85' lang='lat' dir='ltr'>esse</span> <span class='ocrx_word' id='word_1_409' title='bbox 1114 1812 1261 1871; x_wconf 84' lang='lat' dir='ltr'>incivitate,</span> <span class='ocrx_word' id='word_1_410' title='bbox 1278 1813 1300 1861; x_wconf 87' lang='lat' dir='ltr'>is</span> <span class='ocrx_word' id='word_1_411' title='bbox 1316 1820 1387 1876; x_wconf 88' lang='lat' dir='ltr'>optet</span> 
     </span>
     <span class='ocr_line' id='line_1_65' title="bbox 813 1878 1389 1942; baseline 0.002 -17"><span class='ocrx_word' id='word_1_412' title='bbox 813 1878 888 1926; x_wconf 88' lang='lat' dir='ltr'>istum</span> <span class='ocrx_word' id='word_1_413' title='bbox 909 1879 1029 1926; x_wconf 85' lang='lat' dir='ltr'>maximas</span> <span class='ocrx_word' id='word_1_414' title='bbox 1051 1894 1143 1942; x_wconf 88' lang='lat' dir='ltr'>poenas</span> <span class='ocrx_word' id='word_1_415' title='bbox 1165 1878 1271 1936; x_wconf 87' lang='lat' dir='ltr'>dedisse,</span> <span class='ocrx_word' id='word_1_416' title='bbox 1291 1893 1324 1926; x_wconf 84' lang='lat' dir='ltr'>ue</span> <span class='ocrx_word' id='word_1_417' title='bbox 1341 1879 1389 1927; x_wconf 86' lang='lat' dir='ltr'>ista</span> 
     </span>
     <span class='ocr_line' id='line_1_66' title="bbox 813 1942 1388 2006; baseline 0 -15"><span class='ocrx_word' id='word_1_418' title='bbox 813 1958 858 1991; x_wconf 89' lang='lat' dir='ltr'>sua</span> <span class='ocrx_word' id='word_1_419' title='bbox 869 1943 1019 2006; x_wconf 90' lang='lat' dir='ltr'>turpitudine</span> <span class='ocrx_word' id='word_1_420' title='bbox 1031 1944 1109 1992; x_wconf 87' lang='lat' dir='ltr'>ordini</span> <span class='ocrx_word' id='word_1_421' title='bbox 1119 1942 1295 1991; x_wconf 90' lang='lat' dir='ltr'>honestissimo</span> <span class='ocrx_word' id='word_1_422' title='bbox 1305 1959 1388 1992; x_wconf 88' lang='lat' dir='ltr'>macu-</span> 
     </span>
     <span class='ocr_line' id='line_1_67' title="bbox 813 2007 1387 2073; baseline 0.002 -17"><span class='ocrx_word' id='word_1_423' title='bbox 813 2008 852 2057; x_wconf 89' lang='lat' dir='ltr'>lae</span> <span class='ocrx_word' id='word_1_424' title='bbox 861 2016 935 2073; x_wconf 86' lang='lat' dir='ltr'>atque</span> <span class='ocrx_word' id='word_1_425' title='bbox 946 2008 1060 2058; x_wconf 89' lang='lat' dir='ltr'>dedecori</span> <span class='ocrx_word' id='word_1_426' title='bbox 1073 2009 1120 2058; x_wconf 90' lang='lat' dir='ltr'>sit:</span> <span class='ocrx_word' id='word_1_427' title='bbox 1138 2009 1180 2072; x_wconf 93' lang='lat' dir='ltr'>qui</span> <span class='ocrx_word' id='word_1_428' title='bbox 1191 2016 1304 2072; x_wconf 87' lang='lat' dir='ltr'>parentes</span> <span class='ocrx_word' id='word_1_429' title='bbox 1312 2007 1387 2057; x_wconf 83' lang='lat' dir='ltr'>habe·</span> 
     </span>
     <span class='ocr_line' id='line_1_68' title="bbox 813 2072 1387 2138; baseline 0 -16"><span class='ocrx_word' id='word_1_430' title='bbox 813 2074 846 2122; x_wconf 90' lang='lat' dir='ltr'>tis</span> <span class='ocrx_word' id='word_1_431' title='bbox 873 2082 919 2123; x_wconf 91' lang='lat' dir='ltr'>etc.</span> <span class='ocrx_word' id='word_1_432' title='bbox 957 2074 1002 2122; x_wconf 83' lang='lat' dir='ltr'>Est</span> <span class='ocrx_word' id='word_1_433' title='bbox 1031 2073 1092 2124; x_wconf 86' lang='lat' dir='ltr'>haec</span> <span class='ocrx_word' id='word_1_434' title='bbox 1117 2072 1244 2122; x_wconf 86' lang='lat' dir='ltr'>exornatio</span> <span class='ocrx_word' id='word_1_435' title='bbox 1273 2075 1387 2138; x_wconf 88' lang='lat' dir='ltr'>copiosa,</span> 
     </span>
     <span class='ocr_line' id='line_1_69' title="bbox 813 2139 1388 2202; baseline -0.003 -14"><span class='ocrx_word' id='word_1_436' title='bbox 813 2139 1000 2202; x_wconf 89' lang='lat' dir='ltr'>comprehendit</span> <span class='ocrx_word' id='word_1_437' title='bbox 1009 2140 1074 2188; x_wconf 90' lang='lat' dir='ltr'>euim</span> <span class='ocrx_word' id='word_1_438' title='bbox 1083 2140 1150 2188; x_wconf 87' lang='lat' dir='ltr'>brevi</span> <span class='ocrx_word' id='word_1_439' title='bbox 1162 2139 1240 2187; x_wconf 90' lang='lat' dir='ltr'>multa</span> <span class='ocrx_word' id='word_1_440' title='bbox 1249 2154 1322 2188; x_wconf 88' lang='lat' dir='ltr'>suum</span> <span class='ocrx_word' id='word_1_441' title='bbox 1333 2139 1388 2186; x_wconf 88' lang='lat' dir='ltr'>uni-</span> 
     </span>
     <span class='ocr_line' id='line_1_70' title="bbox 813 2204 1388 2268; baseline 0.002 -15"><span class='ocrx_word' id='word_1_442' title='bbox 813 2205 900 2268; x_wconf 89' lang='lat' dir='ltr'>cuique</span> <span class='ocrx_word' id='word_1_443' title='bbox 912 2206 1021 2253; x_wconf 86' lang='lat' dir='ltr'>tribuens</span> <span class='ocrx_word' id='word_1_444' title='bbox 1037 2204 1146 2254; x_wconf 86' lang='lat' dir='ltr'>officinm</span> <span class='ocrx_word' id='word_1_445' title='bbox 1159 2212 1184 2253; x_wconf 88' lang='lat' dir='ltr'>et</span> <span class='ocrx_word' id='word_1_446' title='bbox 1200 2204 1337 2268; x_wconf 85' lang='lat' dir='ltr'>separatim</span> <span class='ocrx_word' id='word_1_447' title='bbox 1350 2220 1388 2254; x_wconf 81' lang='lat' dir='ltr'>res</span> 
     </span>
     <span class='ocr_line' id='line_1_71' title="bbox 813 2268 1013 2333; baseline 0.005 -16"><span class='ocrx_word' id='word_1_448' title='bbox 813 2270 902 2318; x_wconf 84' lang='lat' dir='ltr'>dividit</span> <span class='ocrx_word' id='word_1_449' title='bbox 914 2268 1013 2333; x_wconf 65' lang='lat' dir='ltr'>plures)</span> 
     </span>
    </p>

    <p class='ocr_par' dir='ltr' id='par_1_15' title="bbox 812 2333 1387 2530">
     <span class='ocr_line' id='line_1_72' title="bbox 846 2333 1387 2399; baseline 0 -16"><span class='ocrx_word' id='word_1_450' title='bbox 846 2339 984 2384; x_wconf 81' lang='lat' dir='ltr'>eorrectio</span> <span class='ocrx_word' id='word_1_451' title='bbox 995 2338 1042 2383; x_wconf 84' lang='lat' dir='ltr'>val</span> <span class='ocrx_word' id='word_1_452' title='bbox 1053 2341 1118 2385; x_wconf 84' lang='lat' dir='ltr'>ante</span> <span class='ocrx_word' id='word_1_453' title='bbox 1137 2333 1327 2399; x_wconf 79' lang='grc' dir='ltr'>(πραδιύρθωαις)</span> <span class='ocrx_word' id='word_1_454' title='bbox 1340 2337 1387 2383; x_wconf 83' lang='lat' dir='ltr'>val</span> 
     </span>
     <span class='ocr_line' id='line_1_73' title="bbox 813 2399 1386 2464; baseline -0.003 -15"><span class='ocrx_word' id='word_1_455' title='bbox 813 2406 962 2457; x_wconf 79' lang='lat' dir='ltr'>postquam</span> <span class='ocrx_word' id='word_1_456' title='bbox 988 2399 1168 2464; x_wconf 76' lang='grc' dir='ltr'>(ἐπανόρθωσις)</span> <span class='ocrx_word' id='word_1_457' title='bbox 1192 2404 1317 2450; x_wconf 74' lang='lat' dir='ltr'>dixeris:</span> <span class='ocrx_word' id='word_1_458' title='bbox 1347 2416 1386 2464; x_wconf 89' lang='lat' dir='ltr'>cp.</span> 
     </span>
     <span class='ocr_line' id='line_1_74' title="bbox 812 2465 1225 2530; baseline -0.002 -16"><span class='ocrx_word' id='word_1_459' title='bbox 812 2482 866 2514; x_wconf 84' lang='lat' dir='ltr'>exx.</span> <span class='ocrx_word' id='word_1_460' title='bbox 879 2466 905 2513; x_wconf 92' lang='lat' dir='ltr'>in</span> <span class='ocrx_word' id='word_1_461' title='bbox 917 2465 1069 2525; x_wconf 88' lang='lat' dir='ltr'>Volkmann,</span> <span class='ocrx_word' id='word_1_462' title='bbox 1081 2481 1123 2530; x_wconf 85' lang='lat' dir='ltr'>pp.</span> <span class='ocrx_word' id='word_1_463' title='bbox 1136 2465 1225 2529; x_wconf 86' lang='lat'>495-6.</span> 
     </span>
    </p>

    <p class='ocr_par' dir='ltr' id='par_1_16' title="bbox 813 2534 1386 2656">
     <span class='ocr_line' id='line_1_75' title="bbox 845 2534 1386 2588; baseline 0.006 -11"><span class='ocrx_word' id='word_1_464' title='bbox 845 2535 893 2578; x_wconf 86' lang='lat' dir='ltr'>vel</span> <span class='ocrx_word' id='word_1_465' title='bbox 910 2546 974 2580; x_wconf 89' lang='lat' dir='ltr'>oum</span> <span class='ocrx_word' id='word_1_466' title='bbox 991 2534 1101 2588; x_wconf 82' lang='lat' dir='ltr'>aliquid</span> <span class='ocrx_word' id='word_1_467' title='bbox 1117 2547 1134 2580; x_wconf 86' lang='lat' dir='ltr'>a</span> <span class='ocrx_word' id='word_1_468' title='bbox 1150 2534 1257 2588; x_wconf 79' lang='lat' dir='ltr'>teipso</span> <span class='ocrx_word' id='word_1_469' title='bbox 1268 2534 1386 2581; x_wconf 77' lang='lat' dir='ltr'>reicias:</span> 
     </span>
     <span class='ocr_line' id='line_1_76' title="bbox 813 2595 1275 2656; baseline 0.002 -11"><span class='ocrx_word' id='word_1_470' title='bbox 813 2596 902 2645; x_wconf 89' lang='lat' dir='ltr'>aform</span> <span class='ocrx_word' id='word_1_471' title='bbox 914 2597 943 2644; x_wconf 94' lang='lat' dir='ltr'>of</span> <span class='ocrx_word' id='word_1_472' title='bbox 951 2595 1113 2656; x_wconf 73' lang='grc' dir='ltr'>μετάστασιςε</span> <span class='ocrx_word' id='word_1_473' title='bbox 1134 2612 1173 2646; x_wconf 84' lang='lat' dir='ltr'>see</span> <span class='ocrx_word' id='word_1_474' title='bbox 1184 2597 1275 2646; x_wconf 83' lang='lat' dir='ltr'>below.</span> 
     </span>
    </p>

    <p class='ocr_par' dir='ltr' id='par_1_17' title="bbox 812 2660 1388 3704">
     <span class='ocr_line' id='line_1_77' title="bbox 847 2660 1387 2721; baseline 0.004 -13"><span class='ocrx_word' id='word_1_475' title='bbox 847 2662 870 2708; x_wconf 81' lang='grc' dir='ltr'>ὀ.</span> <span class='ocrx_word' id='word_1_476' title='bbox 886 2665 1087 2721; x_wconf 76' lang='lat' dir='ltr'>praemunitio,</span> <span class='ocrx_word' id='word_1_477' title='bbox 1102 2679 1117 2711; x_wconf 87' lang='lat' dir='ltr'>a</span> <span class='ocrx_word' id='word_1_478' title='bbox 1134 2662 1287 2711; x_wconf 87' lang='lat' dir='ltr'>subdivision</span> <span class='ocrx_word' id='word_1_479' title='bbox 1302 2661 1333 2710; x_wconf 90' lang='lat' dir='ltr'>of</span> <span class='ocrx_word' id='word_1_480' title='bbox 1345 2660 1387 2712; x_wconf 89' lang='lat' dir='ltr'>the</span> 
     </span>
     <span class='ocr_line' id='line_1_78' title="bbox 812 2726 1386 2792; baseline 0.002 -17"><span class='ocrx_word' id='word_1_481' title='bbox 812 2726 911 2790; x_wconf 87' lang='lat' dir='ltr'>general</span> <span class='ocrx_word' id='word_1_482' title='bbox 923 2726 986 2775; x_wconf 89' lang='lat' dir='ltr'>head</span> <span class='ocrx_word' id='word_1_483' title='bbox 1002 2727 1032 2774; x_wconf 90' lang='lat' dir='ltr'>of</span> <span class='ocrx_word' id='word_1_484' title='bbox 1043 2727 1159 2789; x_wconf 75' lang='grc' dir='ltr'>πρόληψις</span> <span class='ocrx_word' id='word_1_485' title='bbox 1170 2744 1199 2776; x_wconf 94' lang='lat' dir='ltr'>or</span> <span class='ocrx_word' id='word_1_486' title='bbox 1204 2729 1386 2792; x_wconf 83' lang='lat' dir='ltr'>praesumptio,</span> 
     </span>
     <span class='ocr_line' id='line_1_79' title="bbox 814 2790 1386 2855; baseline 0.002 -15"><span class='ocrx_word' id='word_1_487' title='bbox 814 2790 1008 2854; x_wconf 86' lang='lat' dir='ltr'>‘anticipation’:</span> <span class='ocrx_word' id='word_1_488' title='bbox 1020 2795 1059 2842; x_wconf 91' lang='lat' dir='ltr'>‘ut</span> <span class='ocrx_word' id='word_1_489' title='bbox 1068 2800 1124 2842; x_wconf 88' lang='lat' dir='ltr'>ante</span> <span class='ocrx_word' id='word_1_490' title='bbox 1134 2791 1304 2855; x_wconf 87' lang='lat' dir='ltr'>praemuniat,&#39;</span> <span class='ocrx_word' id='word_1_491' title='bbox 1317 2793 1386 2842; x_wconf 88' lang='lat' dir='ltr'>Orat.</span> 
     </span>
     <span class='ocr_line' id='line_1_80' title="bbox 816 2856 1387 2922; baseline 0.005 -18"><span class='ocrx_word' id='word_1_492' title='bbox 816 2870 880 2917; x_wconf 74' lang='lat'>1375</span> <span class='ocrx_word' id='word_1_493' title='bbox 897 2873 936 2920; x_wconf 91' lang='lat' dir='ltr'>cp.</span> <span class='ocrx_word' id='word_1_494' title='bbox 953 2856 1004 2921; x_wconf 86' lang='lat' dir='ltr'>Jul.</span> <span class='ocrx_word' id='word_1_495' title='bbox 1022 2858 1104 2907; x_wconf 76' lang='lat' dir='ltr'>Rufin.</span> <span class='ocrx_word' id='word_1_496' title='bbox 1127 2864 1182 2919; x_wconf 79' lang='lat'>§32</span> <span class='ocrx_word' id='word_1_497' title='bbox 1203 2861 1255 2922; x_wconf 78' lang='lat' dir='ltr'>‘pn</span> <span class='ocrx_word' id='word_1_498' title='bbox 1269 2866 1387 2922; x_wconf 70' lang='lat' dir='ltr'>quarente</span> 
     </span>
     <span class='ocr_line' id='line_1_81' title="bbox 813 2922 1387 2988; baseline 0.007 -19"><span class='ocrx_word' id='word_1_499' title='bbox 813 2923 912 2981; x_wconf 88' lang='lat' dir='ltr'>utimur,</span> <span class='ocrx_word' id='word_1_500' title='bbox 924 2930 951 2970; x_wconf 92' lang='lat' dir='ltr'>ut</span> <span class='ocrx_word' id='word_1_501' title='bbox 963 2922 1117 2972; x_wconf 88' lang='lat' dir='ltr'>confirmaret</span> <span class='ocrx_word' id='word_1_502' title='bbox 1132 2923 1158 2972; x_wconf 90' lang='lat' dir='ltr'>id</span> <span class='ocrx_word' id='word_1_503' title='bbox 1176 2925 1243 2988; x_wconf 91' lang='lat' dir='ltr'>quod</span> <span class='ocrx_word' id='word_1_504' title='bbox 1254 2923 1387 2973; x_wconf 85' lang='lat' dir='ltr'>subiectnri</span> 
     </span>
     <span class='ocr_line' id='line_1_82' title="bbox 814 2989 1387 3053; baseline 0.002 -18"><span class='ocrx_word' id='word_1_505' title='bbox 814 3003 913 3035; x_wconf 88' lang='lat' dir='ltr'>sumus:</span> <span class='ocrx_word' id='word_1_506' title='bbox 937 2997 964 3036; x_wconf 94' lang='lat' dir='ltr'>ut</span> <span class='ocrx_word' id='word_1_507' title='bbox 987 2989 1007 3036; x_wconf 90' lang='lat' dir='ltr'>si</span> <span class='ocrx_word' id='word_1_508' title='bbox 1031 2996 1117 3038; x_wconf 90' lang='lat' dir='ltr'>testem</span> <span class='ocrx_word' id='word_1_509' title='bbox 1140 2989 1283 3053; x_wconf 87' lang='lat' dir='ltr'>producturi</span> <span class='ocrx_word' id='word_1_510' title='bbox 1302 3004 1387 3037; x_wconf 90' lang='lat' dir='ltr'>sumus</span> 
     </span>
     <span class='ocr_line' id='line_1_83' title="bbox 814 3053 1386 3104; baseline 0.005 -4"><span class='ocrx_word' id='word_1_511' title='bbox 814 3060 871 3101; x_wconf 89' lang='lat' dir='ltr'>ante</span> <span class='ocrx_word' id='word_1_512' title='bbox 883 3059 919 3101; x_wconf 92' lang='lat' dir='ltr'>est</span> <span class='ocrx_word' id='word_1_513' title='bbox 931 3060 958 3101; x_wconf 92' lang='lat' dir='ltr'>ut</span> <span class='ocrx_word' id='word_1_514' title='bbox 969 3054 992 3101; x_wconf 89' lang='lat' dir='ltr'>ei</span> <span class='ocrx_word' id='word_1_515' title='bbox 1004 3053 1079 3102; x_wconf 89' lang='lat' dir='ltr'>fidem</span> <span class='ocrx_word' id='word_1_516' title='bbox 1095 3054 1235 3102; x_wconf 89' lang='lat' dir='ltr'>habe&#39;ndam</span> <span class='ocrx_word' id='word_1_517' title='bbox 1248 3070 1302 3104; x_wconf 86' lang='lat' dir='ltr'>esse</span> <span class='ocrx_word' id='word_1_518' title='bbox 1314 3054 1386 3103; x_wconf 89' lang='lat' dir='ltr'>doce·</span> 
     </span>
     <span class='ocr_line' id='line_1_84' title="bbox 814 3118 1386 3183; baseline 0.007 -18"><span class='ocrx_word' id='word_1_519' title='bbox 814 3134 891 3166; x_wconf 86' lang='lat' dir='ltr'>amus.</span> <span class='ocrx_word' id='word_1_520' title='bbox 915 3118 1003 3167; x_wconf 89' lang='lat' dir='ltr'>Cicero</span> <span class='ocrx_word' id='word_1_521' title='bbox 1015 3135 1061 3182; x_wconf 90' lang='lat' dir='ltr'>pro</span> <span class='ocrx_word' id='word_1_522' title='bbox 1068 3119 1164 3169; x_wconf 91' lang='lat' dir='ltr'>Milone</span> <span class='ocrx_word' id='word_1_523' title='bbox 1173 3127 1230 3169; x_wconf 91' lang='lat' dir='ltr'>ante</span> <span class='ocrx_word' id='word_1_524' title='bbox 1238 3119 1386 3183; x_wconf 88' lang='lat' dir='ltr'>praemunit,</span> 
     </span>
     <span class='ocr_line' id='line_1_85' title="bbox 814 3182 1387 3249; baseline 0.003 -19"><span class='ocrx_word' id='word_1_525' title='bbox 814 3183 887 3231; x_wconf 84' lang='lat' dir='ltr'>licere</span> <span class='ocrx_word' id='word_1_526' title='bbox 915 3183 1041 3233; x_wconf 91' lang='lat' dir='ltr'>homiuem</span> <span class='ocrx_word' id='word_1_527' title='bbox 1075 3182 1204 3244; x_wconf 66' lang='lat' dir='ltr'>occidere:</span> <span class='ocrx_word' id='word_1_528' title='bbox 1240 3193 1287 3233; x_wconf 74' lang='lat' dir='ltr'>etc.</span> <span class='ocrx_word' id='word_1_529' title='bbox 1338 3185 1387 3249; x_wconf 90' lang='lat' dir='ltr'>Cp.</span> 
     </span>
     <span class='ocr_line' id='line_1_86' title="bbox 815 3249 1387 3314; baseline 0.007 -19"><span class='ocrx_word' id='word_1_530' title='bbox 815 3249 900 3310; x_wconf 89' lang='lat' dir='ltr'>Quint.</span> <span class='ocrx_word' id='word_1_531' title='bbox 919 3249 951 3296; x_wconf 83' lang='lat' dir='ltr'>ix.</span> <span class='ocrx_word' id='word_1_532' title='bbox 973 3263 994 3299; x_wconf 86' lang='lat' dir='ltr'>a.</span> <span class='ocrx_word' id='word_1_533' title='bbox 1009 3260 1021 3312; x_wconf 86' lang='lat'><strong>7</strong></span> <span class='ocrx_word' id='word_1_534' title='bbox 1034 3252 1087 3298; x_wconf 87' lang='lat' dir='ltr'>‘est</span> <span class='ocrx_word' id='word_1_535' title='bbox 1101 3250 1167 3298; x_wconf 91' lang='lat' dir='ltr'>enim</span> <span class='ocrx_word' id='word_1_536' title='bbox 1182 3250 1307 3314; x_wconf 87' lang='lat' dir='ltr'>quaedam</span> <span class='ocrx_word' id='word_1_537' title='bbox 1319 3266 1387 3314; x_wconf 87' lang='lat' dir='ltr'>prae-</span> 
     </span>
     <span class='ocr_line' id='line_1_87' title="bbox 814 3314 1388 3378; baseline 0.003 -18"><span class='ocrx_word' id='word_1_538' title='bbox 814 3314 927 3371; x_wconf 87' lang='lat' dir='ltr'>munitio,</span> <span class='ocrx_word' id='word_1_539' title='bbox 940 3314 1020 3377; x_wconf 87' lang='lat' dir='ltr'>qualis</span> <span class='ocrx_word' id='word_1_540' title='bbox 1029 3315 1154 3364; x_wconf 80' lang='lat' dir='ltr'>Ciceronis</span> <span class='ocrx_word' id='word_1_541' title='bbox 1165 3323 1251 3364; x_wconf 90' lang='lat' dir='ltr'>contra</span> <span class='ocrx_word' id='word_1_542' title='bbox 1260 3316 1292 3378; x_wconf 92' lang='lat' dir='ltr'>Q.</span> <span class='ocrx_word' id='word_1_543' title='bbox 1301 3315 1388 3364; x_wconf 84' lang='lat' dir='ltr'>Caeci·</span> 
     </span>
     <span class='ocr_line' id='line_1_88' title="bbox 814 3379 1386 3443; baseline 0.005 -17"><span class='ocrx_word' id='word_1_544' title='bbox 814 3379 885 3436; x_wconf 93' lang='lat' dir='ltr'>lium,</span> <span class='ocrx_word' id='word_1_545' title='bbox 907 3380 975 3443; x_wconf 93' lang='lat' dir='ltr'>quod</span> <span class='ocrx_word' id='word_1_546' title='bbox 997 3380 1029 3429; x_wconf 91' lang='lat' dir='ltr'>ad</span> <span class='ocrx_word' id='word_1_547' title='bbox 1055 3381 1219 3429; x_wconf 86' lang='lat' dir='ltr'>accusandum</span> <span class='ocrx_word' id='word_1_548' title='bbox 1245 3380 1386 3440; x_wconf 77' lang='lat' dir='ltr'>descendat,</span> 
     </span>
     <span class='ocr_line' id='line_1_89' title="bbox 814 3443 1388 3508; baseline 0.003 -16"><span class='ocrx_word' id='word_1_549' title='bbox 814 3443 857 3508; x_wconf 90' lang='lat' dir='ltr'>qui</span> <span class='ocrx_word' id='word_1_550' title='bbox 877 3460 975 3508; x_wconf 91' lang='lat' dir='ltr'>semper</span> <span class='ocrx_word' id='word_1_551' title='bbox 996 3444 1147 3495; x_wconf 84' lang='lat' dir='ltr'>defenderit&#39;</span> <span class='ocrx_word' id='word_1_552' title='bbox 1184 3446 1239 3494; x_wconf 88' lang='lat' dir='ltr'>The</span> <span class='ocrx_word' id='word_1_553' title='bbox 1261 3455 1313 3496; x_wconf 88' lang='lat' dir='ltr'>two</span> <span class='ocrx_word' id='word_1_554' title='bbox 1333 3461 1388 3494; x_wconf 84' lang='lat' dir='ltr'>uses</span> 
     </span>
     <span class='ocr_line' id='line_1_90' title="bbox 814 3510 1388 3575; baseline 0.005 -19"><span class='ocrx_word' id='word_1_555' title='bbox 814 3524 855 3557; x_wconf 87' lang='lat' dir='ltr'>are</span> <span class='ocrx_word' id='word_1_556' title='bbox 866 3510 989 3573; x_wconf 87' lang='lat' dir='ltr'>evidently</span> <span class='ocrx_word' id='word_1_557' title='bbox 1003 3518 1047 3559; x_wconf 91' lang='lat' dir='ltr'>not</span> <span class='ocrx_word' id='word_1_558' title='bbox 1058 3511 1126 3575; x_wconf 90' lang='lat' dir='ltr'>quite</span> <span class='ocrx_word' id='word_1_559' title='bbox 1135 3511 1177 3560; x_wconf 93' lang='lat' dir='ltr'>the</span> <span class='ocrx_word' id='word_1_560' title='bbox 1189 3526 1264 3562; x_wconf 90' lang='lat' dir='ltr'>same.</span> <span class='ocrx_word' id='word_1_561' title='bbox 1299 3511 1388 3560; x_wconf 87' lang='lat' dir='ltr'>Trans·</span> 
     </span>
     <span class='ocr_line' id='line_1_91' title="bbox 814 3574 1388 3638; baseline 0.003 -16"><span class='ocrx_word' id='word_1_562' title='bbox 814 3574 863 3623; x_wconf 87' lang='lat' dir='ltr'>late</span> <span class='ocrx_word' id='word_1_563' title='bbox 885 3581 936 3638; x_wconf 77' lang='lat' dir='ltr'>‘pn</span> <span class='ocrx_word' id='word_1_564' title='bbox 958 3575 1003 3624; x_wconf 87' lang='lat' dir='ltr'>has</span> <span class='ocrx_word' id='word_1_565' title='bbox 1025 3592 1040 3624; x_wconf 91' lang='lat' dir='ltr'>a</span> <span class='ocrx_word' id='word_1_566' title='bbox 1062 3576 1184 3625; x_wconf 86' lang='lat' dir='ltr'>reference</span> <span class='ocrx_word' id='word_1_567' title='bbox 1206 3584 1234 3625; x_wconf 93' lang='lat' dir='ltr'>to</span> <span class='ocrx_word' id='word_1_568' title='bbox 1254 3593 1286 3625; x_wconf 87' lang='lat' dir='ltr'>an</span> <span class='ocrx_word' id='word_1_569' title='bbox 1304 3577 1388 3627; x_wconf 86' lang='lat' dir='ltr'>attack</span> 
     </span>
     <span class='ocr_line' id='line_1_92' title="bbox 814 3639 1249 3704; baseline 0.007 -17"><span class='ocrx_word' id='word_1_570' title='bbox 814 3640 896 3687; x_wconf 91' lang='lat' dir='ltr'>which</span> <span class='ocrx_word' id='word_1_571' title='bbox 908 3655 966 3702; x_wconf 86' lang='lat' dir='ltr'>may</span> <span class='ocrx_word' id='word_1_572' title='bbox 978 3642 1009 3690; x_wconf 93' lang='lat' dir='ltr'>be</span> <span class='ocrx_word' id='word_1_573' title='bbox 1021 3642 1092 3690; x_wconf 89' lang='lat' dir='ltr'>made</span> <span class='ocrx_word' id='word_1_574' title='bbox 1104 3658 1171 3703; x_wconf 86' lang='lat' dir='ltr'>upon</span> <span class='ocrx_word' id='word_1_575' title='bbox 1183 3639 1249 3704; x_wconf 83' lang='lat' dir='ltr'>you’</span> 
     </span>
    </p>

    <p class='ocr_par' dir='ltr' id='par_1_18' title="bbox 813 3707 1392 4488">
     <span class='ocr_line' id='line_1_93' title="bbox 847 3707 1390 3768; baseline 0.006 -15"><span class='ocrx_word' id='word_1_576' title='bbox 847 3714 869 3768; x_wconf 84' lang='lat'>7.</span> <span class='ocrx_word' id='word_1_577' title='bbox 887 3708 1015 3756; x_wconf 73' lang='lat' dir='ltr'>traiectio</span> <span class='ocrx_word' id='word_1_578' title='bbox 1025 3710 1057 3754; x_wconf 86' lang='lat' dir='ltr'>in</span> <span class='ocrx_word' id='word_1_579' title='bbox 1068 3710 1162 3764; x_wconf 88' lang='lat' dir='ltr'>alium,</span> <span class='ocrx_word' id='word_1_580' title='bbox 1171 3707 1213 3756; x_wconf 86' lang='lat' dir='ltr'>the</span> <span class='ocrx_word' id='word_1_581' title='bbox 1222 3707 1390 3756; x_wconf 83' lang='lat' dir='ltr'>transference</span> 
     </span>
     <span class='ocr_line' id='line_1_94' title="bbox 813 3770 1388 3836; baseline 0.005 -19"><span class='ocrx_word' id='word_1_582' title='bbox 813 3770 843 3818; x_wconf 88' lang='lat' dir='ltr'>of</span> <span class='ocrx_word' id='word_1_583' title='bbox 857 3770 898 3818; x_wconf 92' lang='lat' dir='ltr'>the</span> <span class='ocrx_word' id='word_1_584' title='bbox 910 3771 992 3820; x_wconf 89' lang='lat' dir='ltr'>blame</span> <span class='ocrx_word' id='word_1_585' title='bbox 1009 3779 1036 3820; x_wconf 93' lang='lat' dir='ltr'>to</span> <span class='ocrx_word' id='word_1_586' title='bbox 1053 3773 1170 3821; x_wconf 89' lang='lat' dir='ltr'>another:</span> <span class='ocrx_word' id='word_1_587' title='bbox 1187 3787 1238 3836; x_wconf 76' lang='lat' dir='ltr'>eg.</span> <span class='ocrx_word' id='word_1_588' title='bbox 1251 3774 1277 3820; x_wconf 92' lang='lat' dir='ltr'>in</span> <span class='ocrx_word' id='word_1_589' title='bbox 1292 3774 1350 3824; x_wconf 89' lang='lat' dir='ltr'>Cat.</span> <span class='ocrx_word' id='word_1_590' title='bbox 1362 3773 1388 3821; x_wconf 92' lang='lat' dir='ltr'>ii.</span> 
     </span>
     <span class='ocr_line' id='line_1_95' title="bbox 816 3837 1388 3902; baseline 0.003 -19"><span class='ocrx_word' id='word_1_591' title='bbox 816 3850 837 3894; x_wconf 84' lang='lat' dir='ltr'>a,</span> <span class='ocrx_word' id='word_1_592' title='bbox 860 3849 874 3894; x_wconf 84' lang='lat'>3</span> <span class='ocrx_word' id='word_1_593' title='bbox 893 3840 957 3884; x_wconf 91' lang='lat' dir='ltr'>‘non</span> <span class='ocrx_word' id='word_1_594' title='bbox 974 3845 1011 3886; x_wconf 89' lang='lat' dir='ltr'>est</span> <span class='ocrx_word' id='word_1_595' title='bbox 1027 3838 1074 3886; x_wconf 90' lang='lat' dir='ltr'>ista</span> <span class='ocrx_word' id='word_1_596' title='bbox 1091 3853 1148 3885; x_wconf 89' lang='lat' dir='ltr'>mea</span> <span class='ocrx_word' id='word_1_597' title='bbox 1165 3837 1248 3902; x_wconf 88' lang='lat' dir='ltr'>culpa,</span> <span class='ocrx_word' id='word_1_598' title='bbox 1265 3839 1309 3887; x_wconf 84' lang='lat' dir='ltr'>sed</span> <span class='ocrx_word' id='word_1_599' title='bbox 1327 3847 1388 3886; x_wconf 91' lang='lat' dir='ltr'>tem·</span> 
     </span>
     <span class='ocr_line' id='line_1_96' title="bbox 814 3900 1391 3965; baseline 0.005 -16"><span class='ocrx_word' id='word_1_600' title='bbox 814 3900 917 3964; x_wconf 83' lang='lat' dir='ltr'>porum&#39;</span> <span class='ocrx_word' id='word_1_601' title='bbox 951 3902 1004 3951; x_wconf 90' lang='lat' dir='ltr'>The</span> <span class='ocrx_word' id='word_1_602' title='bbox 1016 3901 1092 3965; x_wconf 80' lang='lat' dir='ltr'>figure</span> <span class='ocrx_word' id='word_1_603' title='bbox 1104 3903 1134 3951; x_wconf 92' lang='lat' dir='ltr'>of</span> <span class='ocrx_word' id='word_1_604' title='bbox 1141 3903 1291 3961; x_wconf 77' lang='grc' dir='ltr'>μετάστασις</span> <span class='ocrx_word' id='word_1_605' title='bbox 1303 3919 1391 3953; x_wconf 87' lang='lat' dir='ltr'>covers</span> 
     </span>
     <span class='ocr_line' id='line_1_97' title="bbox 814 3967 1389 4033; baseline 0.003 -19"><span class='ocrx_word' id='word_1_606' title='bbox 814 3967 875 4014; x_wconf 92' lang='lat' dir='ltr'>both</span> <span class='ocrx_word' id='word_1_607' title='bbox 893 3967 1015 4031; x_wconf 89' lang='lat' dir='ltr'>repelling</span> <span class='ocrx_word' id='word_1_608' title='bbox 1031 3984 1046 4016; x_wconf 87' lang='lat' dir='ltr'>a</span> <span class='ocrx_word' id='word_1_609' title='bbox 1063 3968 1153 4032; x_wconf 86' lang='lat' dir='ltr'>charge</span> <span class='ocrx_word' id='word_1_610' title='bbox 1169 3970 1219 4017; x_wconf 86' lang='lat' dir='ltr'>and</span> <span class='ocrx_word' id='word_1_611' title='bbox 1236 3969 1355 4033; x_wconf 84' lang='lat' dir='ltr'>bringing</span> <span class='ocrx_word' id='word_1_612' title='bbox 1369 3969 1389 4016; x_wconf 93' lang='lat' dir='ltr'>it</span> 
     </span>
     <span class='ocr_line' id='line_1_98' title="bbox 815 4032 1389 4096; baseline 0.007 -18"><span class='ocrx_word' id='word_1_613' title='bbox 815 4032 913 4094; x_wconf 87' lang='lat' dir='ltr'>against</span> <span class='ocrx_word' id='word_1_614' title='bbox 933 4048 964 4079; x_wconf 88' lang='lat' dir='ltr'>an</span> <span class='ocrx_word' id='word_1_615' title='bbox 985 4041 1130 4096; x_wconf 89' lang='lat' dir='ltr'>opponent:</span> <span class='ocrx_word' id='word_1_616' title='bbox 1160 4035 1237 4083; x_wconf 90' lang='lat' dir='ltr'>hence</span> <span class='ocrx_word' id='word_1_617' title='bbox 1260 4035 1280 4084; x_wconf 91' lang='lat' dir='ltr'>it</span> <span class='ocrx_word' id='word_1_618' title='bbox 1309 4049 1389 4083; x_wconf 86' lang='lat' dir='ltr'>seems</span> 
     </span>
     <span class='ocr_line' id='line_1_99' title="bbox 815 4097 1389 4160; baseline 0.005 -16"><span class='ocrx_word' id='word_1_619' title='bbox 815 4097 936 4160; x_wconf 90' lang='lat' dir='ltr'>probable</span> <span class='ocrx_word' id='word_1_620' title='bbox 954 4098 1008 4146; x_wconf 89' lang='lat' dir='ltr'>that</span> <span class='ocrx_word' id='word_1_621' title='bbox 1026 4098 1093 4146; x_wconf 89' lang='lat' dir='ltr'>there</span> <span class='ocrx_word' id='word_1_622' title='bbox 1109 4099 1130 4148; x_wconf 90' lang='lat' dir='ltr'>is</span> <span class='ocrx_word' id='word_1_623' title='bbox 1141 4115 1210 4148; x_wconf 88' lang='lat' dir='ltr'>some</span> <span class='ocrx_word' id='word_1_624' title='bbox 1221 4100 1353 4148; x_wconf 89' lang='lat' dir='ltr'>confusion</span> <span class='ocrx_word' id='word_1_625' title='bbox 1364 4101 1389 4147; x_wconf 89' lang='lat' dir='ltr'>in</span> 
     </span>
     <span class='ocr_line' id='line_1_100' title="bbox 815 4162 1391 4228; baseline 0.007 -19"><span class='ocrx_word' id='word_1_626' title='bbox 815 4162 859 4210; x_wconf 88' lang='lat' dir='ltr'>the</span> <span class='ocrx_word' id='word_1_627' title='bbox 881 4170 932 4211; x_wconf 87' lang='lat' dir='ltr'>text</span> <span class='ocrx_word' id='word_1_628' title='bbox 955 4163 1019 4216; x_wconf 81' lang='lat' dir='ltr'>here.</span> <span class='ocrx_word' id='word_1_629' title='bbox 1039 4164 1061 4212; x_wconf 85' lang='lat' dir='ltr'>is</span> <span class='ocrx_word' id='word_1_630' title='bbox 1077 4164 1166 4213; x_wconf 89' lang='lat' dir='ltr'>Cicero</span> <span class='ocrx_word' id='word_1_631' title='bbox 1184 4165 1205 4213; x_wconf 92' lang='lat' dir='ltr'>is</span> <span class='ocrx_word' id='word_1_632' title='bbox 1227 4173 1273 4213; x_wconf 91' lang='lat' dir='ltr'>not</span> <span class='ocrx_word' id='word_1_633' title='bbox 1290 4165 1391 4228; x_wconf 86' lang='lat' dir='ltr'>writing</span> 
     </span>
     <span class='ocr_line' id='line_1_101' title="bbox 816 4227 1390 4293; baseline 0.005 -17"><span class='ocrx_word' id='word_1_634' title='bbox 816 4227 957 4290; x_wconf 88' lang='lat' dir='ltr'>carelessly:</span> <span class='ocrx_word' id='word_1_635' title='bbox 971 4228 1161 4278; x_wconf 77' lang='lat' dir='ltr'>aelf-correction</span> <span class='ocrx_word' id='word_1_636' title='bbox 1169 4231 1190 4278; x_wconf 89' lang='lat' dir='ltr'>is</span> <span class='ocrx_word' id='word_1_637' title='bbox 1198 4246 1226 4279; x_wconf 89' lang='lat' dir='ltr'>so</span> <span class='ocrx_word' id='word_1_638' title='bbox 1238 4246 1297 4293; x_wconf 87' lang='lat' dir='ltr'>very</span> <span class='ocrx_word' id='word_1_639' title='bbox 1309 4230 1390 4279; x_wconf 85' lang='lat' dir='ltr'>differ-</span> 
     </span>
     <span class='ocr_line' id='line_1_102' title="bbox 816 4292 1389 4359; baseline 0.002 -18"><span class='ocrx_word' id='word_1_640' title='bbox 816 4301 880 4342; x_wconf 89' lang='lat' dir='ltr'>enta</span> <span class='ocrx_word' id='word_1_641' title='bbox 894 4292 964 4356; x_wconf 90' lang='lat' dir='ltr'>thing</span> <span class='ocrx_word' id='word_1_642' title='bbox 980 4293 1044 4342; x_wconf 90' lang='lat' dir='ltr'>frorn</span> <span class='ocrx_word' id='word_1_643' title='bbox 1062 4295 1224 4345; x_wconf 78' lang='lat' dir='ltr'>sels-desence.</span> <span class='ocrx_word' id='word_1_644' title='bbox 1260 4295 1308 4359; x_wconf 90' lang='lat' dir='ltr'>Cp.</span> <span class='ocrx_word' id='word_1_645' title='bbox 1321 4298 1389 4344; x_wconf 90' lang='lat' dir='ltr'>Orat.</span> 
     </span>
     <span class='ocr_line' id='line_1_103' title="bbox 820 4359 1391 4424; baseline 0.005 -19"><span class='ocrx_word' id='word_1_646' title='bbox 820 4371 865 4421; x_wconf 81' lang='lat'>137</span> <span class='ocrx_word' id='word_1_647' title='bbox 882 4361 926 4406; x_wconf 88' lang='lat' dir='ltr'>‘ut</span> <span class='ocrx_word' id='word_1_648' title='bbox 943 4359 968 4406; x_wconf 90' lang='lat' dir='ltr'>in</span> <span class='ocrx_word' id='word_1_649' title='bbox 980 4375 1010 4408; x_wconf 89' lang='lat' dir='ltr'>eo</span> <span class='ocrx_word' id='word_1_650' title='bbox 1026 4360 1081 4423; x_wconf 87' lang='lat' dir='ltr'>ipso</span> <span class='ocrx_word' id='word_1_651' title='bbox 1092 4361 1117 4408; x_wconf 92' lang='lat' dir='ltr'>in</span> <span class='ocrx_word' id='word_1_652' title='bbox 1129 4376 1179 4424; x_wconf 91' lang='lat' dir='ltr'>quo</span> <span class='ocrx_word' id='word_1_653' title='bbox 1191 4360 1391 4424; x_wconf 87' lang='lat' dir='ltr'>reprehendatur,</span> 
     </span>
     <span class='ocr_line' id='line_1_104' title="bbox 816 4423 1392 4488; baseline 0.007 -16"><span class='ocrx_word' id='word_1_654' title='bbox 816 4423 916 4488; x_wconf 85' lang='lat' dir='ltr'>culpam</span> <span class='ocrx_word' id='word_1_655' title='bbox 936 4423 961 4471; x_wconf 88' lang='lat' dir='ltr'>in</span> <span class='ocrx_word' id='word_1_656' title='bbox 980 4423 1147 4474; x_wconf 71' lang='lat' dir='ltr'>adversarium</span> <span class='ocrx_word' id='word_1_657' title='bbox 1169 4424 1296 4477; x_wconf 67' lang='lat' dir='ltr'>conferat?</span> <span class='ocrx_word' id='word_1_658' title='bbox 1337 4426 1392 4477; x_wconf 86' lang='lat' dir='ltr'>The</span> 
     </span>
    </p>
   </div>
   <div class='ocr_carea' id='block_1_7' title="bbox 0 0 1535 5040">
    <p class='ocr_par' dir='ltr' id='par_1_19' title="bbox 0 0 1535 5040">
     <span class='ocr_line' id='line_1_105' title="bbox 0 0 1535 5040; baseline 0 0"><span class='ocrx_word' id='word_1_659' title='bbox 0 0 1535 5040; x_wconf 95' lang='lat' dir='ltr'> </span> 
     </span>
    </p>
   </div>
  </div>
 </body>
</html>
