3046 5040
526 371 528 374 ’
561 363 631 423 oo
652 363 872 425 onaroxa
890 364 960 426 m.
983 366 987 372 ’
1317 381 1360 448 43

161 555 242 598 sane
265 535 299 598 in
322 535 547 619 disputatione
570 535 792 600 concedimus,
839 536 929 618 Quid
956 537 1044 600 enim
1072 535 1165 600 meus
1191 535 1360 601 familiaris
1375 537 1419 603 21

163 639 200 703 C.
216 639 366 703 Velleius
389 640 519 703 adferre
537 648 657 722 potest,
678 660 777 722 quam
799 640 843 703 ob
867 661 935 703 rem
951 641 1105 722 voluptas
1127 641 1171 703 sit
1192 661 1359 704 summum
1374 631 1409 679 ⁷⁸

160 743 297 821 bonum,
313 744 402 824 quod
425 764 488 826 ego
507 763 573 806 non
597 744 761 825 copiosius
784 744 906 825 possim
928 744 980 807 vel
1004 745 1111 822 tutari,
1132 744 1159 806 si
1182 743 1290 822 velim,
1309 744 1361 808 vel

161 845 305 910 refellere
320 867 364 909 ex
380 847 443 909 illis
459 847 550 924 locis,
566 866 650 927 quos
668 848 824 929 exposuit
838 847 1017 925 Antonius,
1033 847 1095 911 hac
1115 848 1247 913 dicendi
1267 868 1362 911 exer-

132 949 329 1028 5citatione‚
350 951 382 1012 in
404 971 470 1032 qua
484 950 631 1014 Velleius
654 961 705 1016 est
728 952 826 1024 rudis,
848 971 933 1013 unus
956 952 1096 1033 quisque
1119 960 1267 1014 nostrum
1290 972 1362 1015 ver·

161 1060 277 1117 satus?
323 1054 413 1136 Quid
438 1063 498 1127 est,
524 1055 613 1135 quod
637 1065 696 1118 aut
718 1054 795 1119 Sex.
813 1055 991 1138 Pompeius
1013 1064 1071 1118 aut
1094 1056 1161 1118 duo
1186 1056 1281 1118 Balbi
1304 1063 1362 1119 aut

162 1178 255 1220 meus
279 1159 412 1234 amicus,
438 1158 594 1238 quicum
620 1159 778 1222 Panaetio
801 1159 896 1236 vixit,
922 1160 969 1222 M.
985 1159 1148 1241 Vigellius
1173 1159 1214 1222 de
1240 1159 1362 1222 virtute

160 1261 333 1326 hominum
369 1261 472 1326 Stoici
502 1263 631 1345 possint
660 1263 778 1339 dicere,
805 1283 871 1343 qua
897 1264 930 1325 in
961 1263 1187 1345 disputatione
1217 1282 1281 1344 ego
1310 1263 1362 1325 his

161 1365 303 1429 debeam
319 1374 377 1430 aut
391 1374 537 1429 vestrum
554 1365 730 1448 quisquam
746 1367 949 1430 concedere?
992 1367 1069 1429 Non
1086 1375 1136 1430 est
1150 1366 1239 1430 enirn
1256 1366 1362 1449 philo·
1375 1380 1410 1429 vs

118 1495 148 1532 10
160 1469 277 1552 sophia
292 1469 407 1532 similis
425 1471 546 1533 artium
563 1469 782 1552 reliquarum:
807 1490 885 1532 nam
906 1471 987 1551 quid
1007 1470 1105 1534 saciet
1126 1471 1159 1532 in
1180 1471 1363 1552 geometria

160 1573 218 1655 qui
245 1593 312 1636 non
335 1573 510 1637 didicerit?
534 1575 614 1654 quid
636 1575 669 1636 in
690 1573 843 1637 musicis?
887 1573 961 1638 Aut
983 1583 1092 1637 taceat
1113 1574 1283 1657 oportebit
1304 1583 1363 1637 aut

160 1697 203 1739 ne
218 1696 318 1740 sanus
333 1677 469 1759 quidem
488 1678 667 1755 iudicetur3
691 1677 773 1740 haec
787 1698 876 1755 vern,
893 1664 978 1760 quae
999 1687 1076 1742 sunt
1092 1678 1125 1740 in
1141 1677 1362 1760 philosophia,

161 1780 302 1862 ingeniis
321 1790 480 1844 eruuntur
499 1781 542 1845 ad
559 1781 603 1859 id,
619 1779 708 1864 quod
729 1782 763 1844 in
784 1802 917 1863 quoque
938 1782 1007 1844 veri
1028 1782 1136 1845 simile
1157 1792 1216 1857 est,
1232 1779 1363 1845 elicien-

161 1884 242 1946 dum
268 1885 375 1948 acutis
401 1894 503 1966 atque
527 1884 656 1948 acribus
680 1905 785 1967 eaque
805 1886 988 1948 exercitata
1010 1886 1160 1949 oratione
1184 1886 1363 1968 poliuntur.

118 2007 147 2056 15
164 1987 230 2052 Hic
256 1997 369 2050 noster
393 1988 536 2071 volgaris
560 1997 680 2066 orator,
706 1989 733 2052 si
762 1989 870 2051 minus
901 1989 962 2051 erit
992 1988 1121 2066 doctus,
1151 1997 1299 2052 attamen
1329 1990 1363 2052 in

161 2090 304 2154 dicendo
316 2092 525 2169 exercitatus
538 2089 600 2155 hac
615 2093 687 2173 ipsa
701 2091 939 2156 exercitatione
951 2093 1119 2155 communi
1136 2093 1216 2156 istos
1227 2093 1363 2175 quidem

162 2193 319 2277 [nostros]
341 2195 527 2259 verberabit
547 2215 655 2278 neque
672 2216 708 2259 se
730 2195 773 2259 ab
794 2195 841 2258 eis
861 2197 1030 2259 contemni
1050 2216 1089 2259 ac
1111 2195 1235 2277 despici
1259 2197 1364 2272 sinet3

196 2356 218 2403 8.
238 2355 361 2419 [hanzines
371 2355 460 2420 Stoica]
474 2356 531 2406 incl.
545 2357 577 2406 K.
590 2357 722 2406 leontinum
734 2356 813 2405 Stoici
824 2373 843 2402 ω
853 2357 894 2405 Fr.
906 2357 1039 2405 tantinum
1052 2355 1153 2420 [Stoici]
1166 2356 1190 2405 S.
1251 2354 1289 2406 16.
1307 2357 1365 2405 istos

162 2420 261 2485 quidem
280 2421 397 2485 [nostros]
417 2422 443 2470 K
459 2438 516 2472 cnm
533 2423 667 2472 editoribus
677 2430 734 2486 post
752 2421 892 2472 Emestium
906 2423 1045 2486 plerisque:
1063 2423 1121 2471 istos
1132 2422 1231 2485 qut'dcm
1241 2422 1318 2471 doctos
1329 2421 1363 2470 S:

163 2487 222 2535 istos
232 2486 332 2551 quidem
338 2487 496 2551 philosophos
507 2489 534 2536 P.

198 2643 219 2678 a.
233 2631 262 2678 0.
274 2631 410 2688 Velleius,
422 2629 520 2678 tribune
536 2629 562 2677 in
574 2629 616 2679 the
627 2645 685 2694 year
697 2644 737 2693 90,
824 2640 846 2693 7.
864 2633 903 2678 aa.
914 2632 1064 2689 Vigellius,
1072 2634 1116 2677 not
1125 2629 1254 2678 otherwise
1265 2628 1363 2679 known.

162 2694 234 2744 takes
253 2692 295 2742 the
314 2702 370 2758 part
386 2695 415 2743 os
430 2694 473 2744 the
490 2695 638 2758 spokesman
657 2696 686 2744 ol
696 2695 738 2744 the
789 2695 840 2744 For
851 2698 1005 2744 Panaetius
1017 2710 1056 2758 ep.
1070 2695 1087 2744 i.
1098 2707 1130 2758 45
1145 2694 1233 2756 (note).

164 2761 301 2824 Epicurean
313 2760 441 2823 systemin
456 2759 497 2808 the
510 2761 549 2809 De
563 2761 659 2809 Natura
671 2762 738 2809 Deo·
823 2763 845 2810 8.
863 2764 1011 2810 hominum
1024 2762 1130 2808 Stoioi:
1149 2759 1230 2808 sothe
1242 2757 1314 2808 MSS.
1338 2760 1363 2808 A

163 2841 226 2884 nrm,
238 2824 280 2873 the
295 2824 410 2873 assumed
422 2825 479 2874 date
490 2826 520 2874 of
531 2826 572 2874 the
584 2825 701 2890 dialogus
713 2826 738 2873 in
789 2841 848 2890 very
856 2826 925 2889 early
933 2826 1070 2875 correction
1079 2831 1165 2874 wasto
1177 2825 1236 2874 read
1244 2824 1362 2883 homines,

162 2889 246 2940 which
254 2889 359 2938 mustlie
367 2891 568 2955 betweenyyand
577 2900 606 2954 75
616 2890 739 2956 (Mayor’s
789 2891 870 2940 which
879 2891 1016 2940 somewhat
1024 2890 1095 2955 helpe
1104 2891 1279 2952 thenecessary
1287 2898 1364 2939 trans-

162 2955 258 3005 Introd.
272 2971 296 3020 p.
316 2953 371 3017 xli).
404 2955 481 3005 Little
498 2957 549 3005 else
567 2958 588 3005 is
605 2957 695 3005 known
713 2955 742 3005 oi
788 2956 973 3006 lation‘Stoics
982 2971 1010 3005 as
1019 2954 1141 3019 theyare‚’
1150 2957 1194 3004 but
1206 2956 1226 3004 it
1235 2956 1256 3003 is
1264 2955 1326 3004 hard
1337 2963 1364 3004 to

162 3021 224 3081 him,
241 3028 328 3084 exoept
344 3021 399 3070 that
417 3021 462 3069 ‘ad
479 3036 536 3070 eum
551 3028 604 3070 tum
622 3022 738 3086 Epicurei
789 3037 829 3071 see
840 3022 899 3070 how
910 3022 954 3071 the
965 3023 1105 3086 corruption
1117 3021 1208 3070 should
1219 3021 1282 3069 bave
1293 3037 1364 3070 come

163 3087 299 3151 primasca
309 3087 399 3135 nostris
410 3085 553 3135 hominibus
564 3086 720 3137 deserebant!
788 3087 821 3136 in.
849 3087 935 3137 Hence
946 3087 1022 3136 Sorof
1030 3088 1120 3136 retains
1128 3087 1268 3145 hominum,
1279 3086 1362 3149 reject·

196 3154 306 3200 adferre
323 3187 368 3200 ...
386 3155 576 3210 quamobrem,
591 3153 701 3202 ‘adduce
711 3159 738 3202 to
788 3152 831 3216 ing
848 3153 907 3214 only
924 3152 1009 3201 Stoici.
1041 3152 1138 3216 Kayser
1153 3153 1238 3215 rejects
1254 3151 1365 3200 homines

163 3231 240 3281 prove
252 3216 306 3265 that
315 3215 336 3265 :'
353 3232 392 3281 cp.
405 3217 479 3266 Tusc.
498 3218 530 3266 D.
547 3218 563 3265 i.
581 3231 618 3281 29.
632 3227 663 3280 70
679 3225 685 3244 ⁴
696 3233 739 3267 cur
788 3218 873 3274 Stoici,
883 3217 964 3266 which
975 3217 1060 3265 would
1069 3218 1099 3265 be
1110 3217 1254 3266 reasonable
1265 3217 1364 3280 enough

162 3283 262 3332 credam
274 3281 367 3331 adferre
377 3281 510 3346 possumz'
522 3282 631 3332 adducor
639 3285 660 3331 is
671 3284 738 3332 simi·
788 3283 810 3331 ii
832 3283 874 3331 the
897 3281 968 3330 MSS.
992 3298 1055 3345 gave
1077 3282 1194 3331 homims.
1229 3283 1242 3330 I
1264 3283 1298 3331 do
1320 3289 1363 3331 not

162 3347 226 3411 lsrly
237 3346 305 3406 used,
317 3363 338 3396 e.
344 3362 368 3410 g.
377 3347 409 3397 de
421 3347 475 3397 Fin.
487 3349 503 3396 i.
517 3362 588 3411 514
788 3348 859 3396 think
880 3347 934 3396 that
953 3347 1023 3395 there
1038 3348 1060 3395 is
1078 3363 1127 3410 any
1140 3349 1206 3396 force
1223 3348 1248 3395 in
1266 3346 1363 3396 Sorol’s

198 3426 220 3475 5.
237 3427 312 3460 unus
334 3417 468 3470 quisque:
500 3415 538 3463 sor
556 3414 691 3476 asyndeton
712 3413 738 3462 in
788 3412 845 3476 plea
864 3413 903 3460 ior
925 3412 1057 3460 hominum
1079 3412 1133 3460 that
1156 3419 1258 3468 oratore,
1279 3427 1363 3461 aecus·

164 3479 251 3528 Cicero
263 3493 302 3542 cp.
315 3477 419 3526 Kiihner
429 3479 456 3527 ii.
466 3490 521 3543 753.
788 3476 873 3527 tomed
887 3486 914 3526 to
929 3477 986 3526 deal
1000 3478 1060 3526 with
1077 3476 1196 3541 practical
1212 3477 1265 3535 lise,
1280 3477 1363 3526 would

196 3542 219 3591 6.
233 3547 297 3592 Sex.
311 3546 471 3604 Pompeius,
484 3546 499 3592 i.
515 3557 551 3606 15.
565 3543 595 3609 67
609 3545 698 3606 (note).
788 3543 852 3592 have
879 3559 910 3592 an
937 3542 1075 3607 advantage
1098 3558 1156 3590 over
1177 3541 1258 3591 Stoics
1279 3542 1363 3591 whose

195 3612 295 3659 Balbi:
308 3608 340 3671 Q.
348 3608 460 3657 Lucilius
472 3610 647 3659 Balbusisthe
656 3626 738 3674 repre·
788 3608 911 3658 doctrines
939 3609 1006 3657 often
1030 3624 1075 3656 run
1099 3615 1200 3657 counter
1221 3614 1249 3657 to
1271 3607 1363 3656 human

163 3675 283 3723 sentative
302 3675 332 3722 ol
346 3673 389 3723 the
408 3674 477 3724 Stoie
496 3677 571 3724 views
592 3677 619 3723 in
638 3676 680 3725 the
697 3677 738 3725 De
787 3680 881 3723 nature.
904 3674 985 3723 Tbere
996 3673 1017 3722 is
1029 3689 1062 3722 no
1073 3673 1185 3737 question
1197 3672 1226 3721 of
1236 3689 1284 3736 any
1293 3673 1364 3721 other

163 3739 260 3788 Natura
280 3740 398 3799 Deorum,
420 3739 469 3788 and
488 3741 509 3789 it
528 3741 548 3789 is
565 3740 620 3789 said
640 3741 669 3789 of
684 3741 738 3789 him
788 3739 849 3787 kind
864 3739 894 3787 ol'
908 3739 992 3788 virtus
1006 3740 1066 3788 than
1083 3740 1135 3787 that
1153 3738 1182 3786 of
1195 3738 1321 3798 mankind,
1335 3753 1363 3787 so

162 3804 231 3854 there
244 3804 306 3866 (to.
320 3803 738 3870 15)‘tantosprogressushabebat
787 3804 841 3853 that
856 3804 987 3854 hominum
999 3811 1090 3853 cannot
1105 3803 1279 3867 beemphatic.
1315 3804 1362 3852 We

163 3869 190 3918 in
212 3869 310 3930 Stoicis,
334 3876 362 3918 ut
384 3885 440 3919 cum
463 3872 638 3920 excellentibus
660 3872 685 3919 in
707 3887 737 3920 eo
788 3870 868 3934 might
879 3870 957 3932 easily
968 3869 1026 3918 read
1039 3869 1116 3918 omni.

163 3950 252 3999 genere
274 3935 377 3984 Graecis
403 3935 572 4000 comparetur!
618 3936 660 3985 He
683 3936 737 3985 also
823 3948 861 3983 11.
879 3938 1011 3984 musiois:
1032 3950 1071 3998 cp.
1083 3935 1099 3982 i.
1112 3949 1134 3996 3.
1149 3947 1180 3981 10
1193 3936 1281 3998 (note).

163 4000 225 4049 took
236 4007 292 4065 part
303 4001 328 4048 in
338 4000 381 4048 the
392 4000 441 4049 lost
452 4001 570 4066 dialogne
582 4001 737 4050 Hortensius.
823 4013 860 4047 12.
875 4005 944 4049 haeo
952 4015 1028 4060 vero,
1041 4007 1097 4060 eta,
1109 3999 1161 4048 ‘the
1170 3998 1363 4061 subject-matter

163 4065 244 4114 There
256 4066 278 4114 is
289 4081 304 4114 a
315 4065 436 4114 reference
451 4066 476 4114 in
493 4067 559 4115 Brut.
572 4081 612 4130 4²·
626 4079 673 4129 154
683 4073 711 4115 to
722 4083 738 4116 a
787 4064 818 4114 oi
825 4065 976 4130 philosophy
984 4063 1002 4113 :'
1014 4065 1103 4114 Cicero
1112 4065 1134 4113 is
1144 4063 1272 4113 doubtless
1282 4064 1362 4113 think·

162 4130 193 4179 L.
205 4131 316 4180 Lucilius
327 4130 427 4190 Balbus,
444 4147 459 4179 a
475 4131 578 4181 ‘doetus
591 4140 616 4181 et
628 4132 738 4181 eruditus
787 4131 831 4195 ing
842 4131 935 4194 mainly
944 4131 973 4179 oi
981 4130 1066 4179 ethice.

163 4196 257 4257 homo,'
265 4197 374 4246 eminent
385 4196 411 4244 in
423 4196 481 4256 law,
492 4198 550 4246 who
567 4213 617 4246 was
634 4214 649 4246 a
666 4197 738 4262 pupil
823 4210 860 4257 14.
879 4199 1033 4255 poliuntur,
1049 4198 1103 4244 ‘set
1114 4195 1181 4243 forth
1191 4194 1217 4242 in
1228 4211 1244 4244 a
1258 4193 1363 4243 finished

163 4262 194 4311 of
202 4262 301 4311 Mucius
313 4262 446 4325 (Pompon.
458 4263 527 4326 Orig.
538 4263 588 4312 Iur.
596 4263 648 4325 42),
662 4263 711 4311 and
722 4279 738 4312 a
787 4260 867 4310 form!

163 4326 264 4376 teacher
286 4327 316 4376 of
334 4326 432 4376 Servius
454 4327 585 4392 Sulpicius.
620 4328 663 4377 He
680 4344 738 4392 may
824 4340 860 4388 15.
878 4329 943 4385 Hie,
957 4322 1144 4376 ‘inthisoase'

162 4392 275 4507 fflly
290 4393 354 4443 have
371 4393 431 4442 been
452 4393 494 4443 the
513 4393 612 4443 brother
627 4393 685 4442 here
702 4409 737 4444 re·
824 4401 861 4453 17.
871 4395 1041 4450 verberabit,
1057 4390 1126 4439 ‘will
1137 4396 1238 4440 tronnce
1249 4389 1270 4440 :'
1282 4406 1321 4455 cp.
1329 4390 1362 4439 ad

253 4465 289 4509 to.
790 4457 862 4507 Fam.
882 4457 931 4507 xvi
953 4456 984 4506 πό
1006 4457 1144 4509 ‘verberavi
1162 4463 1187 4506 te
1204 4456 1362 4521 cogitationis
