3046 5040
210 361 252 446 58
384 380 389 388 1
560 361 610 423 M.
636 361 781 422 rurrr
801 359 1055 424 ciceronis

211 533 359 616 perandi,
392 530 472 596 nihil
502 542 553 596 est
584 534 672 596 enirn
703 533 746 595 ad
777 531 1048 614 exaggerandam
1079 538 1113 593 et
1141 527 1416 612 amplificandam

211 639 395 701 orationem
408 637 705 713 adcommodatiuS,
720 655 821 718 quam
833 644 1012 715 utrumque
1023 633 1141 696 horum
1153 633 1417 697 cumulatissime

144 755 197 799 106
212 740 319 803 facere
354 761 461 822 posse.
522 739 775 821 Consequentur
807 739 907 801 etiam
939 736 986 799 illi
1017 737 1090 814 loci,
1119 738 1175 820 qui
1208 757 1415 820 quamquam

210 845 336 927 proprii
360 864 532 908 causarum
559 853 593 907 et
621 841 828 905 inhaerentes
855 842 889 903 in
916 860 1028 904 earum
1052 843 1158 904 nervis
1181 862 1254 905 esse
1276 841 1415 915 debent,

210 958 324 1012 tamen
341 949 472 1029 quiade
488 947 640 1010 universa
655 966 690 1009 re
706 946 839 1008 tractari
855 944 974 1019 solent,
985 964 1179 1007 communes
1201 965 1222 1008 a
1244 945 1415 1007 veteribus
1429 967 1444 1016 5

212 1052 374 1114 nominati
397 1059 474 1113 sunt
480 1073 490 1125 3
516 1070 656 1131 quorum
679 1049 800 1132 partim
822 1047 947 1111 habent
967 1048 1122 1111 vitiorum
1143 1056 1177 1110 et
1199 1056 1414 1129 peccatorum

211 1175 320 1219 acrem
337 1155 506 1236 quandam
521 1174 596 1216 cum
613 1151 872 1236 amplificatione
893 1152 1132 1215 incusationem
1148 1161 1206 1215 aut
1221 1151 1414 1234 querellam,

212 1268 441 1340 contraquam
458 1258 524 1321 dici
541 1257 622 1319 nihil
646 1257 731 1319 solet
750 1277 811 1320 nec
832 1265 952 1337 potest,
969 1265 1006 1319 ut
1026 1256 1058 1318 in
1080 1256 1358 1337 depeculatorem,
1379 1256 1414 1318 in

211 1362 424 1444 proditorem,
451 1361 484 1423 in
512 1360 730 1443 parricidam;
765 1359 884 1442 quibus
911 1360 959 1422 uti
989 1357 1191 1421 confirmatis
1222 1359 1413 1421 criminibus

146 1490 197 1538 107
213 1474 354 1549 oportet,
369 1465 465 1528 aliter
480 1465 567 1527 enim
585 1464 684 1526 ieiuni
705 1472 782 1526 sunt
803 1473 903 1545 atque
925 1463 1060 1538 inanes;
1082 1462 1138 1525 alii
1159 1471 1271 1525 autem
1286 1461 1414 1524 habent
1430 1480 1461 1514 10

213 1569 481 1651 deprecationem
508 1577 566 1630 aut
591 1567 859 1645 miserationem;
892 1566 947 1629 alii
974 1586 1053 1629 vero
1083 1566 1237 1648 ancipitis
1263 1566 1413 1647 disputa·

212 1673 331 1747 tiones,
348 1670 516 1754 inquibus
533 1672 575 1732 de
596 1670 748 1733 universo
768 1689 889 1753 genere
908 1670 940 1731 in
963 1678 1137 1752 utramque
1152 1679 1281 1750 partem
1297 1661 1414 1734 disseri

213 1776 346 1859 copiose
362 1774 448 1837 licet.
487 1774 583 1856 Quae
595 1773 791 1835 exercitatio
804 1793 891 1835 nunc
907 1773 1038 1854 propria
1051 1775 1191 1835 duarum
1207 1771 1413 1856 philosophi-

213 1898 315 1954 arum,
331 1877 508 1960 dequibus
527 1886 605 1940 ante
621 1876 701 1954 dixi,
717 1885 862 1960 putatur,
882 1877 971 1958 apud
993 1877 1148 1957 antiquos
1166 1884 1237 1938 erat
1252 1896 1376 1949 eorum,
1394 1897 1415 1938 a

212 1982 331 2064 quihus
352 1981 460 2043 omnis
481 1981 524 2042 de
544 1982 642 2044 rebus
664 1979 847 2044 forensibus
866 1980 999 2043 dicendi
1015 1980 1100 2042 ratio
1115 1988 1148 2042 et
1164 1979 1260 2061 copia
1275 1979 1414 2062 peteba·
1431 1997 1459 2047 ¹5

211 2095 285 2163 tur;
309 2086 352 2148 de
366 2085 488 2147 virtute
503 2085 601 2160 enim,
625 2085 666 2146 de
689 2084 807 2161 officio,
828 2084 871 2146 de
891 2104 999 2166 aequo
1014 2091 1049 2146 et
1063 2082 1162 2159 bono,
1178 2083 1221 2145 de
1238 2083 1414 2166 dignitate,

212 2188 364 2262 utilitate,
395 2187 528 2262 honore,
559 2188 751 2268 ignominia,
786 2189 941 2272 praemi0,
975 2207 1084 2270 poena
1113 2185 1341 2269 similibusque
1371 2189 1414 2252 de

246 2367 269 2415 3.
287 2355 508 2414 Consequentur,
522 2356 596 2400 ‘next
608 2352 660 2400 will
671 2351 757 2402 come.’

838 2353 943 2418 Trapez.
956 2354 1031 2402 Rhet.
1041 2353 1057 2402 i.
1066 2369 1091 2417 p.
1105 2351 1153 2401 16.
1166 2390 1172 2403 .
1186 2388 1192 2400 .
1205 2352 1344 2403 communis
1355 2352 1415 2402 ideo

245 2422 310 2476 loci,
328 2419 344 2466 i.
363 2417 393 2480 56
413 2419 502 2483 (note).
526 2419 596 2467 Orat.
614 2417 660 2467 126
678 2419 787 2480 ίαιίξησις

838 2418 979 2483 appellatus
995 2427 1032 2467 est
1049 2420 1107 2483 quia
1122 2420 1235 2483 quamvis
1250 2418 1415 2468 contrahunc

213 2484 295 2534 ...etsi
306 2483 468 2548 aequabiliter
484 2491 538 2533 toto
554 2500 658 2548 corpore
670 2485 787 2532 orationis

212 2550 266 2599 fusa
286 2566 338 2599 esse
360 2550 440 2611 debet,
465 2557 547 2598 tamen
569 2551 594 2597 in
614 2550 787 2598 communibus

211 2615 274 2664 locis
302 2616 409 2664 maxime
437 2616 547 2673 excellet,
574 2615 617 2678 qui
644 2630 787 2664 communes

212 2690 267 2730 sunt
278 2680 398 2744 appellati
410 2697 440 2741 ep
452 2681 519 2745 quod
531 2681 643 2730 videntur
654 2680 786 2728 multarum

213 2745 294 2794 eidem
312 2761 364 2794 esse
381 2762 518 2806 causarum,
535 2747 578 2794 sed
595 2746 690 2809 proprii
707 2747 787 2808 singu·

213 2810 293 2858 larum
305 2826 357 2859 esse
368 2809 508 2859 debebunt!
542 2811 607 2860 Such
619 2828 634 2859 ι
647 2814 787 2860 ‘common-

213 2876 284 2939 place
294 2874 300 2897 '
312 2876 396 2924 would
412 2877 442 2924 be
457 2874 583 2923 furnished
596 2891 617 2926 e.
624 2893 649 2940 g.
662 2877 695 2939 by
706 2892 721 2924 a
732 2891 787 2939 pas-

214 2956 272 3004 sage
283 2940 409 3005 depictiug
417 2940 459 2989 the
468 2941 612 2990 odiousness
619 2942 648 2989 οι
656 2957 725 2990 some
734 2941 788 2990 vice

213 3005 265 3054 like
283 3006 419 3055 cowardice
434 3022 463 3054 or
478 3007 591 3064 avarice;
610 3007 700 3067 which,
719 3007 787 3054 how-

214 3085 279 3132 ever,
291 3078 357 3119 must
368 3070 432 3121 have
443 3071 543 3120 adirect
552 3072 672 3120 reference
682 3078 710 3120 to
718 3087 788 3120 some

213 3151 303 3200 person
321 3152 349 3184 or
360 3144 401 3185 act
417 3137 495 3184 under
510 3137 692 3185 consideration
704 3139 728 3185 in
746 3138 788 3186 the

214 3217 278 3250 case.
313 3202 360 3266 Cp.
373 3201 404 3250 de
417 3202 470 3250 Inv.
483 3202 509 3250 ii.
524 3206 552 3261 55
566 3212 657 3266 47-51.

247 3282 269 3329 4.
289 3270 469 3315 inhaerentes
496 3271 529 3314 in
556 3283 652 3317 aarum
674 3271 788 3316 nervis.

216 3333 223 3357 ‘
231 3331 314 3380 bound
325 3348 360 3396 up
376 3333 437 3381 with
453 3332 516 3382 their
532 3349 590 3396 very
601 3333 730 3382 essence':
749 3349 787 3396 cp.

216 3396 320 3474 Quintil.
333 3398 383 3446 viii
395 3413 507 3462 prooem.
522 3398 550 3445 18
564 3399 692 3448 ‘resistam
703 3399 734 3446 iis
746 3400 789 3474 qui

215 3464 306 3512 omissa
323 3478 411 3523 rerum,
430 3464 472 3527 qui
491 3465 559 3512 nervi
582 3465 680 3513 suntin
700 3465 787 3522 causis,

215 3527 343 3592 diligentia
352 3529 481 3615 quodam
474 3530 541 3577 mani
550 3530 615 3578 circa
624 3545 697 3578 voces
706 3530 788 3578 studio

214 3592 358 3643 senescunt’
400 3593 455 3645 The
478 3594 638 3658 metaphor
632 3610 653 3643 rs
677 3595 789 3643 different

214 3658 278 3707 from
291 3658 383 3708 thatin
396 3663 408 3717 5
421 3661 462 3708 80.

249 3736 271 3786 5.
290 3727 325 3772 de
344 3727 478 3772 universa
497 3739 528 3772 re
548 3727 673 3783 ιιιιιιιι,
690 3741 789 3774 acom-

215 3790 314 3854 pressed
334 3790 474 3866 expression
494 3789 558 3837 ior‘
568 3799 595 3837 to
613 3791 643 3839 be
657 3789 789 3853 employed

214 3855 287 3904 when
307 3870 354 3904 one
372 3856 393 3903 is
411 3855 548 3918 discussing
565 3871 580 3903 a
598 3855 699 3919 general
718 3871 789 3919 ques·

215 3918 285 3969 tion!

247 3989 447 4035 eveheribus:
485 3985 538 4034 Cic.
570 3985 637 4034 Brut.
669 3984 701 4048 46
732 4001 788 4049 says

214 4049 270 4098 that
287 4051 436 4114 Protagoras
452 4058 529 4099 wrote
546 4058 589 4099 out
605 4051 654 4099 and
669 4050 789 4115 prepared

215 4115 403 4164 bes‘orehand
410 4132 489 4165 rerum
517 4115 650 4164 illustrium
679 4117 789 4179 disputa·

838 2484 877 2535 vel
897 2484 969 2533 illum
987 2485 1037 2533 dici
1055 2485 1174 2544 videatur,
1198 2491 1281 2534 tamen
1304 2483 1337 2532 ad
1359 2485 1414 2532 uni·

838 2565 920 2597 versos
947 2550 1057 2598 eiusdem
1085 2549 1192 2598 criminis
1218 2565 1273 2598 reos
1300 2547 1416 2598 efferatur

838 2630 936 2664 necesse
947 2616 995 2674 est)
1005 2631 1011 2662 :
1030 2615 1071 2663 the
1088 2614 1163 2662 κοινοὶ
1174 2612 1243 2663 τόποι
1256 2615 1284 2663 oi
1292 2615 1415 2664 Aristotle

838 2696 880 2729 are
897 2681 1034 2729 somewhat
1050 2679 1169 2730 different.
1203 2681 1250 2745 Cp.
1263 2679 1354 2744 Cope's
1372 2681 1415 2729 Iu-

837 2746 1007 2810 trod.p.13o.

871 2810 895 2858 6.
912 2826 1031 2868 quorum
1058 2814 1179 2867 partim:
1208 2812 1233 2860 ii.
1263 2825 1295 2874 94
1324 2809 1415 2874 (note).

839 2875 894 2924 The
914 2877 961 2924 loci
979 2892 1118 2925 communes
1135 2892 1194 2940 may
1215 2877 1308 2925 consist
1324 2877 1349 2925 iu
1375 2876 1413 2940 (1)

838 2946 932 2991 ‘certae
951 2943 986 2990 rei
1006 2941 1183 3005 amplificatio:
1203 2942 1286 2991 which
1306 2957 1365 3006 may
1385 2942 1416 2990 be

838 3008 917 3056 either
935 3010 972 3068 (αι
991 3024 1006 3055 a
1022 3007 1123 3056 sorcible
1140 3007 1226 3057 attack
1242 3023 1310 3071 upon
1327 3023 1343 3055 a
1358 3022 1415 3071 par·

838 3073 927 3122 ticular
944 3072 997 3121 vice
1016 3071 1099 3136 (ιιι.ι
1106 3073 1148 3136 qui
1165 3079 1291 3157 parentem
1307 3073 1415 3133 necavit,

839 3138 949 3186 maximo
964 3137 1087 3214 supplicio
1102 3153 1154 3186 esse
1166 3135 1284 3200 dignum’
1287 3141 1295 3196 )
1309 3153 1337 3186 or
1351 3137 1388 3202 (b)
1400 3152 1415 3186 a

838 3203 896 3267 plea
913 3203 952 3251 lor
968 3204 1021 3266 pity
1033 3204 1058 3250 iu
1075 3219 1091 3251 a
1108 3203 1240 3266 particular
1251 3218 1324 3264 case3
1341 3218 1415 3252 oron

839 3269 881 3317 the
899 3269 969 3317 other
985 3268 1095 3316 hands
1070 3270 1095 3333 (ι
1098 3268 1108 3330 )
1126 3284 1157 3317 an
1174 3276 1311 3332 argument,
1323 3284 1356 3317 οιι
1368 3283 1415 3316 one

839 3334 892 3382 side
910 3350 938 3382 or
954 3334 996 3382 the
1013 3334 1090 3389 other,
1103 3334 1131 3382 οι
1144 3349 1212 3382 some
1224 3335 1332 3383 abstract
1343 3348 1414 3397 ques·

839 3399 901 3459 tion,
922 3399 1027 3447 ‘dubiae
1046 3400 1081 3447 rei
1100 3396 1275 3463 amplificatio’
1294 3398 1354 3464 (eng
1375 3413 1414 3447 ru·

840 3435 949 3513 moribus
961 3464 1028 3513 credi
1040 3471 1153 3527 oportere
1164 3472 1190 3513 et
1200 3479 1251 3513 non
1260 3472 1376 3529 oportere
1380 3461 1412 3523 ’.)

840 3546 878 3593 ορ.
901 3530 932 3578 de
954 3530 1008 3577 inv
1026 3530 1073 3579 ιο.
1108 3529 1196 3579 Hence
1215 3532 1266 3580 ιιιι
1286 3535 1410 3578 autem=

840 3594 929 3643 ‘while
947 3593 1060 3646 others':
1082 3599 1133 3643 ιιιι
1149 3609 1254 3644 vero=
1267 3594 1367 3644 ‘others
1381 3608 1415 3642 on

838 3659 881 3708 the
892 3658 1019 3723 contrary

874 3736 912 3775 ιι
928 3729 963 3773 da
979 3729 1256 3785 universogenere‚⁴
1266 3741 1299 3775 on
1315 3724 1416 3775 theab-

839 3797 913 3839 stract
925 3789 1053 3854 question?

875 3869 913 3916 13.
930 3855 1073 3915 duarum,'
1066 3871 1083 3906 ι.
1089 3871 1109 3904 e.
1119 3856 1162 3905 the
1171 3855 1307 3906 Academrc
1314 3855 1363 3904 and
1372 3856 1415 3907 the

839 3921 994 3984 Peripatetic,
1009 3925 1022 3979 5
1036 3920 1076 3984 67.

874 3999 912 4048 14
930 4001 1036 4046 eorum,
1048 3987 1089 4036 the
1100 3987 1159 4035 wise
1166 4001 1230 4047 men,
1238 3986 1299 4036 such
1308 3985 1416 4036 asthose

838 4051 998 4100 mentioned
991 4067 1016 4100 ιιι
1028 4056 1041 4110 5
1052 4051 1091 4114 56.

867 4129 911 4193 15
925 4119 959 4165 de
966 4121 1051 4166 rebus
1058 4119 1241 4179 forensibus,
1247 4133 1280 4167 ou
1287 4117 1416 4182 questions

215 4181 301 4236 tiones,
314 4196 377 4245 quae
391 4196 456 4230 nunc
471 4196 615 4232 communes
631 4181 789 4257 appellantur
838 4182 930 4245 arising
939 4183 965 4230 in
977 4183 1062 4247 public
1073 4181 1130 4233 liie'

215 4245 282 4294 loci?
316 4245 402 4296 lhave
412 4253 457 4294 not
469 4246 545 4295 round
561 4262 609 4310 any
620 4247 750 4322 quotation
763 4244 792 4295 of
871 4251 953 4307 ιιιιο,
966 4246 1203 4335 ‘artinhaudling’

215 4311 301 4359 ‘locus
313 4309 463 4359 communis'
476 4327 504 4360 or
520 4309 598 4360 κοινὸς
615 4311 707 4359 τόπος“
701 4327 727 4360 ιιι
738 4311 789 4360 this

216 4391 285 4425 sense
295 4376 383 4424 earlier
393 4377 453 4424 than
462 4377 550 4426 Cicero
561 4381 611 4442 (cp.
621 4377 717 4426 Ernesti
727 4377 786 4426 Lerc

871 4316 959 4372 eopia,
974 4312 1094 4362 ‘'suiness
1107 4312 1136 4361 oi
1144 4312 1299 4378 knowledge

873 4375 910 4426 16.
927 4381 1003 4428 enim
1004 4386 1128 4444 ,suggests
1138 4379 1201 4428 and
1209 4379 1302 4444 rightly
1313 4394 1349 4440 so
1350 4377 1414 4441 ἰοι,

216 4439 329 4491 Techn'
321 4457 338 4492 r.
352 4442 436 4506 184,'
420 4457 446 4491 ιι.
459 4442 516 4506 248,
528 4443 586 4492 who
597 4450 685 4508 quotes
694 4441 787 4506 Georg
837 4449 884 4493 etc.
