3046 5040
561 372 629 434 DE
651 372 739 434 ORA
748 372 873 434 TORE
889 374 961 436 III.

1266 366 1268 370 ’
1300 387 1361 457 105

163 541 346 626 loquacitas
362 543 512 626 perennis
528 553 561 607 et
576 544 754 626 profluens,
775 546 854 628 quid
876 556 925 610 est
946 547 1034 611 aliud
1056 538 1173 612 causae
1191 569 1249 612 cur
1266 570 1360 633 repu-

162 648 282 724 dietur,
312 648 373 710 nisi
404 649 492 729 quod
517 648 690 711 hominum
720 650 852 713 auribus
881 670 997 713 vocem
1023 661 1140 715 natura
1174 653 1362 717 modulatur

162 750 257 832 ipsa?
301 751 401 834 Quod
418 749 497 828 fieri,
518 753 579 814 nisi
600 752 685 814 inest
705 772 860 816 numerus
881 754 913 816 in
934 775 1025 832 voce,
1041 776 1108 818 non
1123 765 1242 839 potest.
1288 758 1426 854 Nu31ao

163 873 273 917 merus
288 864 400 917 autem
417 855 449 917 in
464 855 709 919 continuatione
725 855 833 920 nullus
849 867 918 933 est;
941 859 1110 922 distinctio
1123 869 1156 923 et
1172 860 1360 941 aequalium

133 967 197 1033 5et
221 978 321 1039 saepe
343 958 510 1021 variorum
538 956 782 1022 intervallorum
813 961 992 1041 percussio*
1011 982 1186 1026 numerum
1217 963 1360 1042 conficit,

163 1079 262 1141 quem
279 1062 312 1124 in
327 1062 523 1125 cadentibus
538 1063 650 1144 guttis,
670 1065 759 1145 quod
778 1063 957 1127 intervallis
973 1066 1229 1149 distinguuntur,
1246 1079 1362 1132 notare

163 1184 347 1246 possumus,
372 1166 406 1228 in
429 1166 519 1228 amni
545 1167 780 1249 praecipitante
804 1187 870 1230 non
893 1189 1077 1251 possumus.
1123 1169 1252 1253 Quodsi
1283 1193 1360 1236 con·

162 1269 303 1333 tinuatio
318 1270 493 1332 verborum
512 1267 594 1332 haec
612 1268 722 1333 soluta
743 1270 848 1334 multo
869 1281 918 1335 est
936 1273 1044 1353 aptior
1062 1284 1162 1356 atque
1178 1274 1361 1354 iucundior,

163 1372 189 1435 si
206 1382 256 1436 est
271 1371 416 1436 articulis
432 1372 653 1464 membrisque
672 1373 838 1452 distincta,
855 1395 955 1455 quam
975 1377 1003 1438 si
1022 1377 1213 1441 continuata
1230 1398 1268 1441 ac
1283 1401 1360 1461 pro-

119 1501 150 1535 10
164 1477 273 1554 ducta,
289 1477 437 1540 membra
453 1477 509 1539 illa
526 1475 716 1567 modificata
732 1498 802 1541 esse
818 1478 987 1542 debebunt
996 1500 1004 1557 ;
1025 1478 1146 1562 quaesi
1160 1481 1192 1543 in
1209 1492 1362 1545 extremo

163 1580 311 1643 breviora
326 1590 411 1657 sunt,
427 1579 614 1662 infringitur
634 1580 689 1643 ille
710 1582 804 1662 quasi
825 1583 999 1645 verborum
1022 1579 1187 1662 ambitus3
1211 1585 1257 1649 sic
1273 1588 1360 1649 enim

163 1682 223 1746 has
242 1685 400 1748 orationis
421 1685 652 1749 conversiones
673 1684 790 1749 Graeci
815 1687 996 1749 nominant.
1034 1686 1110 1769 Qua
1133 1709 1168 1752 re
1189 1697 1247 1752 aut
1269 1689 1361 1770 paria

163 1807 235 1850 esse
249 1788 373 1851 debent
388 1773 568 1870 posteriora
583 1789 815 1872 superioribus
833 1799 867 1852 et
887 1798 1037 1852 extrema
1054 1791 1169 1871 primis
1187 1801 1252 1868 aut,
1271 1795 1360 1875 quod

163 1891 262 1954 etiam
278 1900 328 1954 est
349 1891 467 1956 melius
487 1903 521 1956 et
542 1893 724 1970 iucundius,
740 1893 896 1975 longiora.
942 1892 1058 1975 Atque
1072 1895 1154 1959 haec
1169 1896 1302 1978 quidem
1318 1897 1361 1959 ab
1374 1907 1429 1973 49

119 2016 148 2064 15
163 1995 210 2059 eis
226 1995 440 2079 philosophis,
456 2018 539 2079 quos
553 2005 590 2059 tu
607 1996 752 2060 maxime
767 1997 885 2079 diligis,
904 1996 1032 2075 Catule,
1048 1998 1137 2063 dicta
1152 2009 1247 2077 sunt;
1271 2002 1361 2083 quod
1374 1994 1425 2043 1⁸⁷

162 2119 204 2162 eo
219 2100 352 2181 saepius
374 2099 541 2178 testificor,
560 2111 597 2165 ut
617 2100 805 2164 auctoribus
824 2100 997 2164 laudandis
1020 2103 1216 2183 ineptiarum
1238 2105 1361 2168 crimen

162 2201 340 2286 effugiam!
397 2203 567 2285 ‘Quarum
590 2201 763 2267 tandem?'
790 2205 898 2286 inquit
926 2204 1063 2268 Catulus
1090 2210 1166 2269 ‘aut
1190 2208 1270 2290 quid
1295 2209 1361 2270 dis·

162 2309 337 2390 putatione
352 2308 415 2371 ista
427 2307 546 2371 adferri
556 2316 666 2389 potest
678 2307 860 2390 elegantius
872 2317 930 2371 aut
945 2311 1081 2372 omnino
1096 2310 1160 2373 dici
1176 2310 1361 2374 subtilius?’

164 2410 232 2474 ‘At
248 2412 336 2474 enim
351 2410 484 2489 vereor,'
502 2413 609 2493 inquit
626 2410 763 2476 Crassus
782 2416 843 2475 ‘ne
858 2410 938 2475 haec
960 2422 1017 2474 aut
1036 2413 1218 2476 difficiliora
1233 2414 1302 2477 istis
1317 2415 1360 2478 ad
1374 2434 1426 2478 188

119 2537 150 2572 20
163 2515 425 2596 persequendum
442 2536 513 2578 esse
532 2516 708 2580 videantur
726 2525 794 2592 aut,
816 2516 894 2596 quia
914 2535 981 2578 non
996 2516 1171 2578 traduntur
1185 2518 1218 2579 in
1232 2518 1360 2601 volgari

163 2619 227 2681 ista
242 2619 423 2702 disciplina,
434 2641 494 2682 nos
510 2639 549 2682 ea
566 2620 689 2682 maiora
704 2639 743 2682 ac
759 2618 940 2682 difficiliora
955 2619 1056 2681 videri
1073 2619 1156 2682 velle
1171 2620 1360 2684 videamur?

163 2722 250 2784 Turn
269 2721 407 2786 Catulus
423 2721 548 2800 ‘erras'
565 2725 669 2807 inquit
685 2723 832 2800 ‘Crasse,
848 2723 875 2786 si
891 2732 949 2786 aut
965 2744 1018 2786 me
1034 2733 1092 2787 aut
1107 2723 1225 2787 horum
1246 2746 1360 2807 quern·

162 2845 263 2907 quarn
286 2837 383 2909 putas
406 2848 425 2890 a
448 2837 482 2890 te
504 2827 584 2891 haec
599 2848 700 2910 opera
715 2827 880 2890 cotidiana
901 2836 934 2890 et
954 2837 1134 2910 pervagata
1157 2838 1360 2911 exspectare.

165 2928 244 3006 lsta,
269 2950 355 3011 quae
375 2931 465 3007 dicis,
484 2931 550 2994 dici
568 2930 740 3006 volumus;
773 2950 879 3014 neque
902 2940 971 2994 tarn
996 2931 1061 2994 dici
1085 2951 1185 3014 quam
1208 2932 1273 2997 isto
1295 2933 1360 2996 dici

116 3056 145 3104 25
163 3034 285 3109 mod03
302 3055 408 3117 neque
431 3035 492 3098 tibi
515 3035 578 3099 hoc
597 3056 656 3118 pro
679 3056 733 3099 me
756 3035 872 3108 solum,
896 3035 953 3098 sed
977 3055 1036 3116 pro
1054 3035 1105 3097 his
1121 3037 1275 3101 omnibus
1290 3038 1362 3102 sine

181 3149 202 3185 1.
219 3135 285 3199 quali
292 3152 367 3185 causa
377 3136 455 3186 aliud
462 3139 499 3186 M
503 3138 523 3186 F
524 3154 544 3187 r.
579 3153 602 3188 a.
619 3154 693 3187 aures
704 3153 783 3187 vocem
792 3144 888 3186 natura
897 3137 1062 3186 modulantur
1070 3138 1136 3201 ipsae
1144 3138 1184 3187 Fr.
1194 3140 1278 3204 (auris
1288 3138 1344 3202 M).

478 3215 515 3264 13.
533 3210 557 3252 et
567 3210 677 3253 extrema
689 3205 724 3251 M
731 3202 803 3251 KSH
816 3203 835 3250 F
837 3217 871 3251 r.:
889 3209 1001 3250 extrema
1012 3202 1039 3250 P.

160 3283 261 3347 regular
276 3283 406 3333 intervals'
420 3286 530 3334 between
546 3286 588 3334 the
603 3287 674 3334 ictus.
714 3285 740 3334 If
787 3285 853 3334 ‘this
863 3284 974 3348 periodic
982 3291 1099 3332 structure
1111 3284 1140 3332 of
1147 3284 1362 3350 wordsinprose.'

161 3349 229 3399 there
245 3349 266 3398 is
283 3365 315 3398 an
328 3349 456 3398 unbroken
471 3352 607 3400 succession
620 3351 649 3399 of
659 3351 735 3412 these,
823 3364 861 3398 10.
879 3352 1045 3406 modificata,
1057 3348 1209 3412 ‘managed'
1239 3351 1294 3400 The
1302 3351 1360 3412 κόμ-

161 3414 204 3462 the
216 3415 291 3463 result
302 3415 323 3464 is
334 3430 411 3474 verse,
423 3415 504 3465 which
516 3417 537 3465 is
549 3424 575 3466 to
584 3418 615 3465 be
624 3416 736 3466 avoided.
788 3433 853 3476 ματα
863 3413 989 3479 (articula)
999 3415 1048 3462 and
1057 3415 1125 3461 κῶλα
1138 3415 1271 3475 inumbra)
1283 3432 1324 3465 are
1335 3425 1362 3466 to

197 3493 218 3528 a.
236 3483 358 3539 auribus,
383 3481 424 3529 ‘ln
446 3483 595 3531 aocordance
617 3481 678 3530 with
695 3482 738 3531 the
788 3479 958 3539 bebalanced,
971 3495 999 3527 so
1010 3480 1063 3529 that
1075 3479 1116 3528 the
1125 3488 1236 3529 sentence
1246 3497 1304 3545 may
1317 3490 1362 3531 not

161 3545 336 3609 requirements
353 3547 382 3595 of
395 3547 436 3595 the
452 3545 509 3601 ear!
544 3548 613 3597 Orat.
626 3549 656 3610 58
669 3548 737 3611 ‘ipsa

160 3612 226 3660 enim
238 3619 332 3672 natura,
346 3613 414 3675 quasi
428 3612 596 3661 modularetur
607 3613 737 3661 hominum

162 3677 308 3737 orationem,
324 3678 431 3734 inomni
446 3679 522 3727 verbo
539 3679 621 3742 posuit
638 3687 736 3727 acutam

161 3755 257 3800 vocem,
270 3757 315 3791 nec
326 3758 375 3791 una
385 3742 449 3806 plus,
462 3759 507 3792 nec
521 3759 536 3790 a
552 3751 676 3807 postrema
688 3743 736 3807 syl·

161 3806 220 3855 laba
231 3808 291 3856 citra
301 3807 415 3856 tertiam!
450 3809 515 3856 Part.
528 3809 596 3858 Orat.
610 3823 639 3872 15
653 3809 736 3857 ‘audi-

161 3878 244 3920 torum
259 3888 329 3921 aures
346 3869 504 3922 moderantur
516 3875 608 3922 oratori
623 3875 736 3938 prudenti

161 3943 187 3986 et
198 3938 302 4000 provido
313 3945 338 3988 et
348 3940 415 4002 quod
427 3946 544 4003 respuunt
556 3940 737 3989 immutandum

161 4001 215 4051 est!
248 4003 303 4052 The
315 4003 388 4052 latter
399 4019 503 4070 passage
518 4006 586 4069 gives
598 4021 667 4054 some
678 4019 735 4069 sup·

162 4074 220 4133 port
231 4075 258 4116 to
272 4068 333 4117 Fr.’s
344 4069 452 4134 reading.

197 4147 219 4196 5.
237 4137 454 4184 intervallorum
465 4139 609 4192 percussio
623 4136 737 4200 explains

162 4214 231 4248 more
239 4200 336 4262 exactly
347 4199 414 4249 what
425 4201 446 4249 is
457 4208 540 4249 meant
552 4203 585 4263 by
595 4202 729 4250 distinctio.

196 4275 218 4327 7.
234 4280 399 4321 possumus.
413 4301 419 4313 .
432 4281 503 4314 .non
514 4281 677 4323 possumus:
695 4267 737 4315 Ci-

161 4345 219 4379 cero
229 4329 321 4394 always
332 4339 428 4394 repeats
433 4338 511 4394 posse,
520 4332 592 4379 when
604 4333 659 4380 thus
670 4347 737 4380 com·

163 4411 222 4443 mon
234 4403 260 4444 to
271 4412 286 4444 a
296 4397 401 4460 positive
414 4397 462 4445 and
473 4412 489 4444 a
499 4397 613 4461 negative
624 4397 714 4447 clause.

195 4464 374 4512 continuatio
388 4464 540 4512 verborum
553 4466 624 4512 baso
636 4466 737 4524 soluta,

787 3547 835 3597 end
852 3545 968 3609 abruptly
981 3546 1041 3593 with
1058 3561 1074 3593 a
1090 3545 1159 3593 short
1175 3560 1229 3605 one,
1247 3548 1329 3595 where
1346 3565 1362 3597 a

788 3612 849 3676 long
871 3627 918 3660 one
939 3611 960 3659 is
980 3610 1105 3674 expected.
1147 3610 1193 3675 Cp.
1214 3611 1309 3675 Sandys
1328 3629 1361 3660 on

788 3677 856 3727 Orat.
870 3690 924 3736 211,
937 3676 985 3724 and
998 3677 1036 3724 his
1051 3676 1200 3740 quotations.
1233 3677 1361 3738 Aristotle,

787 3743 860 3792 Rhet.
879 3743 912 3790 iii.
930 3744 953 3802 8,
973 3741 996 3802 6,
1015 3742 1077 3791 calls
1092 3758 1123 3790 an
1141 3741 1257 3806 abmptly
1271 3743 1362 3806 ending

786 3807 872 3872 period
883 3807 988 3859 κολοβός
995 3811 1028 3846 =‘
1038 3804 1162 3856 maimed.'

821 3886 859 3921 11.
877 3876 1000 3922 ambitus
1008 3871 1148 3935 περίοδος,
1163 3873 1202 3920 for
1212 3871 1293 3921 which
1305 3888 1361 3921 con-

786 3939 867 3989 versio
889 3941 910 3987 is
931 3938 1033 3988 another
1058 3938 1188 4001 suggested
1208 3938 1361 3991 translation.

787 4007 834 4068 Cp.
847 4005 917 4054 Orat.
930 4018 977 4066 ²04
991 4003 1116 4068 (Sandys).

822 4084 860 4132 14.
877 4073 1019 4126 longiora:
1039 4069 1058 4116 it
1074 4069 1119 4117 has
1136 4069 1197 4117 been
1214 4069 1290 4118 noted
1307 4069 1362 4118 that

788 4135 876 4186 Cieero
893 4135 994 4184 himself
1008 4135 1122 4183 observes
1139 4133 1188 4181 this
1204 4133 1265 4194 rule,
1281 4134 1330 4182 and
1341 4135 1362 4182 is

787 4200 847 4248 fond
859 4201 888 4248 of
896 4201 998 4262 making
1010 4199 1052 4248 the
1063 4200 1134 4248 latter
1144 4206 1199 4263 part
1210 4200 1239 4248 of
1248 4215 1263 4248 a
1275 4199 1362 4264 period

787 4265 829 4314 the
840 4281 909 4314 more
920 4265 1065 4328 developed.

823 4344 860 4394 19.
878 4334 951 4390 istis,
965 4335 1027 4378 ‘our
1037 4345 1147 4393 younger
1158 4328 1264 4379 friends)

823 4411 861 4448 πο.
878 4396 1361 4460 persequendum,‘canyoutinprac·

788 4463 853 4522 tice‚’
865 4461 984 4526 N'agelsb.
996 4459 1062 4512 Stil.8
1072 4476 1097 4525 p.
1107 4473 1163 4524 434
