3046 5040
510 355 580 418 ur
601 354 822 417 orauere
838 354 910 416 m.
1268 353 1288 416 e
1290 367 1310 437 5

110 524 235 607 gloriae
261 547 359 591 causa
385 535 526 591 mortem
552 527 653 592 obire.
699 527 967 611 Comparationis
996 539 1109 594 autem
1135 531 1203 594 duo
1231 538 1310 593 sunt
1323 543 1372 592 117

112 630 222 700 modi:
248 650 342 708 unus,
365 652 441 694 cum
464 631 596 696 idemne
618 632 725 697 sitan
747 632 871 715 aliquid
899 633 1027 698 intersit
1052 635 1242 715 quaeritur3
1272 642 1310 697 ut

111 744 258 797 metuere
281 743 315 798 et
337 735 450 812 vereri,
473 743 510 806 ut
532 756 592 798 rex
616 745 650 799 et
672 746 839 817 tyrannus,
855 745 892 799 ut
906 737 1098 801 adsentator
1113 747 1146 802 et
1162 738 1310 816 amicus;

110 836 201 913 alter,
224 859 299 902 cum
323 839 402 919 quid
426 848 571 920 praestet
593 839 683 903 aliud
707 839 762 903 alii
785 841 961 920 quaeritur,
984 850 1020 904 ut
1043 839 1133 918 illud,
1149 841 1310 923 optimine

82 941 270 1022 5cuiusque
293 941 459 1024 sapientes
490 961 532 1005 an
561 941 714 1024 populari
744 941 845 1006 laude
874 944 1047 1008 ducantur.
1106 943 1222 1026 Atque
1252 964 1311 1007 eae

111 1044 247 1125 quidem
262 1045 528 1127 disceptationes,
546 1066 633 1127 quae
651 1047 695 1109 ad
716 1047 940 1128 cognitionem
964 1048 1157 1125 referuntur,
1177 1049 1224 1112 sic
1244 1046 1311 1111 iere

112 1168 132 1210 a
152 1147 352 1213 doctissimis
369 1148 558 1213 hominibus
577 1150 817 1215 describuntur.
854 1151 950 1234 Quae
967 1173 1045 1216 vero
1066 1151 1250 1217 referuntur
1268 1152 1310 1215 ad
1324 1140 1379 1206 30

111 1253 285 1333 agendum,
308 1261 366 1316 aut
392 1254 425 1316 in
450 1252 549 1317 officii
572 1254 814 1338 disceptatione
839 1264 1020 1333 versantur,
1042 1277 1109 1338 quo
1133 1256 1166 1317 in
1190 1275 1310 1337 genere
1324 1226 1374 1270 ²²⁸

110 1356 191 1436 quid
208 1366 332 1420 rectum
349 1357 601 1438 faciendumque
616 1359 659 1422 sit
674 1359 851 1441 quaeritur,
871 1361 923 1423 cui
939 1359 1013 1424 loco
1028 1360 1135 1422 omnis
1150 1359 1310 1422 virtutum

65 1481 97 1517 10
111 1468 145 1523 et
160 1460 313 1523 vitiorum
329 1469 380 1524 est
395 1461 477 1524 silva
491 1462 648 1539 subiecta,
664 1471 721 1526 aut
733 1464 766 1524 in
777 1463 961 1526 animorum
977 1461 1088 1544 aliqua
1103 1464 1310 1546 permotione

110 1571 168 1625 aut
191 1565 359 1646 gignenda
381 1573 439 1628 aut
461 1565 608 1629 sedanda
630 1564 821 1630 tollendave
844 1576 1035 1631 tractantur.
1083 1567 1173 1629 Huic
1196 1566 1308 1648 generi

112 1667 280 1730 subiectae
302 1677 379 1732 sunt
401 1668 657 1746 cohortationes,
672 1670 925 1752 obiurgationes,
941 1669 1191 1748 consolationes,
1213 1670 1309 1733 mise·

111 1771 255 1834 rationes
270 1772 443 1854 omnisque
457 1773 500 1835 ad
516 1793 650 1836 omnem
665 1774 768 1836 animi
784 1783 911 1838 motum
932 1782 966 1837 et
984 1772 1137 1856 impulsio
1152 1782 1196 1850 et,
1212 1773 1240 1835 si
1262 1773 1309 1838 ita

110 1893 163 1939 res
184 1873 275 1951 feret,
300 1875 474 1958 mitigatio.
519 1876 706 1959 Explicatis
732 1877 830 1958 igitur
857 1876 907 1939 his
933 1877 1107 1960 generibus
1133 1897 1172 1940 ac
1202 1877 1309 1940 modis
1321 1885 1371 1931 11⁹

66 1997 96 2047 15
112 1977 389 2059 disceptationum
412 1981 559 2044 omnium
581 1980 662 2044 nihil
680 2001 759 2044 sane
777 1981 821 2044 ad
840 2000 909 2043 rem
931 1981 1083 2063 pertinet,
1098 1981 1125 2044 si
1146 2001 1211 2063 qua
1226 1980 1260 2044 in
1275 2001 1309 2044 re

111 2082 310 2164 discrepavit
339 2082 383 2146 ab
408 2082 538 2147 Antoni
568 2083 730 2148 divisione
754 2094 867 2147 nostra
896 2085 1047 2166 partitio:
1085 2086 1202 2148 eadem
1233 2093 1309 2148 sunt

110 2186 262 2249 membra
283 2186 317 2250 in
341 2187 511 2269 utriusque
533 2188 769 2270 disputatione,
791 2189 850 2251 sed
873 2187 973 2270 paulo
993 2208 1085 2253 secus
1100 2209 1120 2251 a
1136 2208 1189 2250 me
1209 2197 1309 2270 atque

111 2289 155 2353 ab
170 2289 227 2352 illo
243 2291 366 2373 partita
381 2311 418 2354 ac
433 2291 565 2356 tributa.
612 2291 710 2355 Nunc
726 2291 768 2354 ad
784 2290 909 2374 reliqua
929 2292 1119 2374 progrediar
1134 2312 1251 2373 meque
1266 2291 1308 2354 ad

112 2413 224 2457 meum
250 2414 368 2458 munus
394 2415 601 2476 pensumque
625 2396 797 2460 revocabo.
841 2395 931 2458 Nam
953 2416 997 2459 ex
1025 2394 1088 2458 illis
1114 2394 1203 2471 locis,
1226 2415 1309 2477 quos

66 2519 98 2554 ιο
112 2497 268 2579 exposuit
282 2497 460 2575 Antonius,
476 2500 586 2562 omnia
609 2508 685 2563 sunt
707 2500 750 2563 ad
772 2519 922 2581 quaeque
942 2518 1063 2580 genera
1078 2500 1309 2580 quaestionum

112 2610 308 2684 argumenta
328 2604 510 2677 sumenda;
537 2604 595 2667 sed
619 2601 690 2667 aliis
713 2602 889 2684 generibus
911 2601 967 2664 alii
994 2601 1056 2666 loci
1082 2602 1187 2683 magis
1213 2610 1311 2667 erunt

112 2705 204 2786 apti;
226 2704 351 2786 dequo
370 2725 436 2766 non
458 2714 528 2768 tam
550 2707 627 2788 quia
648 2706 785 2788 longum
807 2713 858 2768 est
875 2725 976 2788 quam
998 2705 1076 2787 quia
1098 2705 1308 2787 perspicuum

112 2817 172 2885 est,
192 2808 257 2870 dici
281 2807 363 2870 nihil
389 2817 440 2872 est
464 2828 605 2874 necesse.
651 2809 893 2874 Ornatissimae
917 2817 995 2872 sunt
1020 2809 1120 2890 igitur
1143 2809 1308 2872 orationes
1321 2816 1374 2866 120

112 2932 182 2990 eae,
197 2931 283 2993 quae
298 2911 459 2974 latissime
476 2923 641 2996 vagantur
655 2921 689 2976 et
704 2934 724 2976 a
739 2914 869 2998 privata
884 2912 932 2996 [et
952 2932 973 2975 a
990 2911 1162 2995 singulari]
1177 2920 1310 2976 contro-

115 3038 152 3089 16.
170 3040 318 3104 ditcrpavit
328 3041 366 3089 M
372 3039 431 3089 KS:
448 3040 584 3105 discrepuit
594 3041 621 3090 P.
696 3042 734 3090 18.
752 3041 848 3089 tributa
858 3041 895 3088 M
902 3039 960 3091 KS:
978 3040 1112 3088 distributa
1123 3039 1151 3090 P.
1226 3055 1263 3102 24.
1282 3039 1310 3104 [a

134 3105 243 3169 privata
253 3105 288 3168 et]
298 3121 314 3154 a
324 3104 456 3170 singulari
466 3106 493 3154 K
503 3122 509 3155 :
526 3122 542 3155 a
548 3107 656 3170 privata
668 3105 705 3171 [et
714 3122 730 3154 a
741 3105 879 3170 singulam]
889 3105 907 3155 S
917 3122 923 3154 :
940 3121 957 3154 a
962 3106 1069 3170 privata
1079 3121 1108 3153 ac
1117 3105 1247 3169 singulari
1256 3105 1284 3155 P.

148 3219 170 3254 2.
187 3208 300 3253 idemne
322 3207 370 3265 eit,
393 3204 515 3254 ‘whether
532 3211 583 3255 two
602 3204 686 3270 things
737 3204 810 3269 phers
838 3204 867 3252 os
891 3204 962 3253 those
985 3202 1134 3252 discussions
1157 3204 1186 3252 of
1211 3205 1310 3267 general

114 3285 156 3319 are
168 3269 210 3319 the
221 3266 304 3319 same’
736 3270 843 3320 abstract
853 3270 988 3334 questions,
1004 3268 1087 3317 which
1104 3271 1206 3319 Crassus
1221 3270 1310 3320 claime

147 3349 170 3397 3.
188 3343 327 3384 metuere:
345 3350 385 3399 cp.
403 3336 457 3385 Cic.
475 3335 531 3386 Cat.
550 3335 586 3385 M.
602 3348 640 3387 11.
654 3345 684 3399 37
735 3335 775 3387 for
788 3343 889 3385 oratore.

112 3400 142 3450 of
167 3401 235 3465 App.
264 3400 385 3450 Claudius
412 3401 508 3450 Caecus
531 3402 686 3451 ‘metuebant
738 3436 740 3441 .
771 3414 809 3463 ²4·
826 3403 962 3448 latissime
988 3405 1136 3460 reguntur,
1167 3399 1241 3448 ‘take
1266 3398 1309 3450 the

112 3467 185 3526 servi,
205 3466 349 3516 verebantur
366 3466 437 3515 liberi
448 3464 470 3516 :'
494 3466 573 3515 Plaut.
591 3467 685 3530 Amph.
737 3465 824 3515 widest
840 3461 947 3528 rnngcz'
963 3479 1003 3528 cp.
1022 3465 1091 3515 Orat,
1108 3479 1141 3527 44
1154 3468 1185 3513 ‘a
1202 3465 1308 3529 propriis

113 3531 179 3596 prol,
204 3545 233 3592 23
256 3530 423 3581 ·intellexerat
445 3532 522 3581 vereri
544 3547 589 3581 vos
611 3547 638 3581 se
660 3537 687 3582 et
737 3531 846 3596 personis
857 3539 881 3579 et
892 3530 1045 3594 temporibus
1061 3545 1167 3594 semper,
1179 3530 1200 3577 si
1218 3537 1308 3593 potest,

112 3604 222 3646 metuere
233 3596 306 3645 itaut
318 3605 445 3661 aequomst
456 3598 564 3648 Iovem:'
583 3593 686 3647 ‘dread'
736 3603 826 3646 avocat
845 3595 1043 3646 controversiam.
1081 3595 1168 3643 Latius
1189 3595 1254 3643 enim
1277 3596 1309 3644 de

112 3662 163 3712 aud
174 3660 252 3710 ‘sear'
264 3662 350 3725 nearly
360 3662 516 3727 correspond.
736 3677 825 3725 genere
840 3677 915 3725 quam
931 3660 962 3709 de
977 3669 1046 3724 parte
1056 3661 1192 3724 disceptare
1203 3659 1270 3720 licet,
1281 3667 1309 3709 ut

146 3742 170 3792 9.
188 3730 235 3776 oui
244 3730 314 3788 loeo,
329 3730 358 3776 ‘a
369 3728 433 3777 head
443 3727 519 3776 under
530 3726 627 3777 which!
736 3726 804 3791 quod
814 3727 840 3774 in
852 3727 964 3775 universo
975 3725 1007 3775 sit
1022 3728 1152 3790 probatum
1164 3726 1189 3774 id
1201 3725 1227 3774 in
1239 3734 1309 3788 parte

148 3806 187 3842 10.
205 3795 285 3853 silve,
300 3793 564 3842 ‘material‘fumished
577 3791 626 3857 by?
737 3794 768 3840 sit
779 3793 879 3856 probari
889 3807 986 3841 necesse
995 3790 1012 3847 ;'
1030 3792 1080 3840 aud
1091 3791 1209 3853 Morley's
1219 3791 1308 3848 Burke,

237 3861 268 3872 ..
322 3861 328 3872 .
636 3858 641 3869 .
837 3860 843 3883 ,
975 3857 979 3868 .
1272 3857 1277 3867 .

113 3859 686 3987 Tit'tti‘tt’nttrfa‘ltnttl¹⁰t
736 3871 833 3986 tulgi
852 3855 1309 3982 illinitiilthittaihl
1376 3904 1380 3913 ·

112 4004 223 4054 preserve
235 3989 277 4037 the
287 3989 422 4054 regularity
432 3991 461 4038 os
468 3997 594 4038 structure.
737 3988 812 4036 midst
823 3987 853 4036 of
860 3987 1008 4037 discussions
1019 4003 1051 4036 on
1067 3987 1108 4036 the
1123 3986 1189 4034 local
1205 3986 1255 4034 and
1265 3986 1308 4036 the

150 4053 187 4102 16.
206 4057 378 4111 discrepavit
388 4055 410 4104 is
416 4055 458 4105 the
466 4054 530 4102 form
537 4054 692 4103 foundinM
737 4053 881 4109 accidental,
894 4052 926 4102 he
939 4058 1040 4101 scatters
1055 4051 1239 4115 apophthegms
1253 4052 1308 4101 that

116 4120 249 4182 (ΑΗΕΖγ
266 4119 329 4183 ng.
343 4134 365 4168 2.
377 4135 400 4182 4
413 4120 468 4182 36):
490 4120 587 4168 Nonius
599 4126 686 4182 quotes
736 4118 793 4166 take
810 4134 839 4167 us
855 4119 909 4166 into
926 4116 967 4166 the
984 4117 1082 4180 regions
1102 4116 1131 4165 of
1144 4117 1237 4180 lasting
1253 4118 1307 4166 wis-

112 4185 249 4247 discrepuit
261 4186 297 4249 (p.
310 4183 352 4246 84)
362 4186 423 4236 with
435 4185 476 4235 the
492 4186 592 4234 inferior
604 4184 685 4244 MSS,
737 4181 813 4232 dom?
848 4183 895 4232 But
910 4183 949 4230 lor
963 4182 1005 4231 the
1020 4182 1163 4230 immediate
1173 4197 1268 4230 success
1281 4181 1311 4231 of

113 4251 163 4298 and
175 4251 196 4298 is
208 4249 325 4298 followed
337 4252 370 4313 by
381 4267 450 4299 some
461 4258 541 4300 recent
552 4250 653 4298 editors.
736 4249 777 4298 the
788 4255 872 4297 orator
887 4248 937 4296 this
953 4247 975 4296 is
991 4247 1058 4296 often
1073 4264 1089 4297 a
1102 4247 1240 4311 dangerous
1252 4247 1307 4310 gift,

147 4319 182 4364 ab
194 4318 304 4363 Antoni
315 4319 456 4365 divisione
469 4333 475 4365 :
492 4316 516 4364 ii.
531 4314 577 4376 163
588 4315 613 4363 ff.
737 4329 765 4362 as
775 4330 808 4362 uo
820 4328 866 4362 one
878 4313 970 4377 proved
981 4328 1049 4361 more
1061 4313 1128 4362 osten
1140 4314 1200 4362 thau
1212 4313 1300 4362 Burke.

149 4394 187 4441 ²3·
204 4384 293 4437 igitur
303 4396 365 4444 goes
375 4383 438 4431 back
447 4388 474 4431 to
485 4385 497 4439 §
510 4379 564 4441 106,
574 4381 637 4430 aster
644 4379 687 4429 the
770 4393 787 4427 a
808 4383 920 4436 privetu
939 4380 1174 4428 controversia=‘
1183 4378 1248 4427 from
1267 4378 1309 4429 the

112 4446 250 4511 digression
258 4461 325 4510 upon
332 4447 374 4496 the
383 4447 525 4511 usurpation
534 4447 568 4510 by
576 4445 686 4511 philoso·
736 4460 792 4494 case
803 4445 832 4493 of
839 4460 871 4493 an
882 4441 1033 4494 individuai‘

698 4541 720 4591 F
