3046 5040
464 308 468 314 ’
562 347 633 407 nr:
652 347 870 410 onnranrr
890 349 962 409 [Η.
1316 355 1358 433 47

161 516 268 601 neque
292 517 379 582 enirn
400 521 494 603 'apud
518 518 669 584 homines
693 540 744 583 res
766 529 816 584 est
843 518 909 584 ulla
936 520 1099 584 difficilior
1121 542 1229 604 neque
1256 523 1361 587 maior

161 643 268 705 neque
291 643 377 705 quae
402 623 497 705 plura
520 625 710 688 adiumenta
740 625 909 688 doctrinae
938 608 1109 688 desideret.
1154 625 1209 690 Ac
1238 636 1359 704 tamen,
1373 637 1409 684 85
1460 647 1467 655 ¹

162 728 319 808 quoniam
343 727 386 791 de
408 736 539 792 oratore
560 727 656 791 nobis
679 728 915 810 disputandum
938 737 998 805 est,
1014 729 1056 791 de
1078 748 1210 792 summo
1228 740 1361 794 oratore

162 830 271 893 dicam
295 850 429 894 necesse
444 840 494 894 est
506 851 514 909 ;
547 831 597 894 vis
622 831 711 893 enirn
736 841 770 895 et
793 841 912 895 natura
938 833 996 907 rei,
1022 832 1084 895 nisi
1111 833 1255 915 perfecta
1283 843 1361 897 ante

133 934 278 1007 5oculos
302 935 445 1017 ponitur,
470 935 578 1017 qualis
604 943 639 997 et
663 943 787 1016 quanta
813 936 856 998 sit
883 934 1031 1018 intellegi
1049 955 1116 998 non
1139 946 1257 1019 potest.
1303 939 1362 1002 Me

162 1049 284 1116 autern,
309 1038 437 1113 Catule,
464 1038 570 1103 fateor
593 1059 700 1120 neque
726 1038 826 1103 hodie
847 1040 880 1102 in
904 1040 975 1102 istis
1001 1040 1091 1103 libris
1122 1051 1156 1104 et
1185 1062 1260 1104 cum
1292 1042 1361 1106 istis

162 1143 351 1206 hominibus
365 1143 476 1206 vivere
490 1163 551 1206 nec
566 1162 654 1217 vero,
671 1142 705 1205 id
721 1143 812 1224 quod
828 1153 865 1206 tu
877 1152 964 1207 recte
979 1145 1242 1221 commeministi,
1258 1144 1362 1209 ullum

162 1266 320 1329 umquam
343 1246 499 1310 habuisse
521 1246 704 1327 sepositum
723 1256 856 1328 tempus
879 1247 921 1310 ad
945 1248 1138 1311 discendum
1166 1269 1205 1311 ac
1232 1259 1361 1312 tanturn

161 1351 316 1415 tribuisse
344 1351 514 1414 doctrinae
536 1351 705 1433 temporis,
729 1359 889 1431 quantum
919 1350 999 1413 mihi
1026 1351 1158 1433 puerilis
1182 1363 1284 1430 aetas,
1312 1352 1363 1418 io·

117 1477 148 1511 10
162 1475 273 1518 renses
289 1453 388 1518 feriae
399 1454 626 1518 concesserint.
658 1454 721 1528 Ac,
737 1454 765 1516 si
781 1455 920 1536 quaeriS,
934 1454 1060 1532 Catule,
1074 1456 1118 1519 de
1129 1457 1281 1520 doctrina
1296 1457 1361 1521 ista
1375 1457 1424 1524 23

161 1559 241 1639 quid
257 1579 320 1641 ego
335 1559 485 1635 sentiam,
501 1578 568 1621 non
583 1568 713 1622 tantum
730 1558 900 1640 ingenioso
919 1558 1047 1622 homini
1065 1570 1098 1623 et
1113 1560 1152 1634 ei,
1169 1562 1226 1642 qui
1242 1560 1360 1639 sorum,
1373 1549 1410 1594 ⁸⁰

162 1663 219 1744 qui
245 1663 379 1737 curiam,
402 1661 458 1744 qui
482 1681 607 1736 causas,
634 1662 690 1743 qui
715 1682 784 1725 rem
815 1662 980 1745 publicam
1010 1673 1148 1746 spectet,
1179 1685 1263 1746 opus
1290 1685 1362 1729 esse

161 1767 304 1830 arbitror
329 1766 497 1849 temporis,
524 1776 685 1848 quantum
711 1766 773 1830 sibi
798 1767 828 1830 ei
855 1778 1074 1848 sumpserunt,
1100 1788 1183 1849 quos
1207 1770 1362 1833 discentis

160 1871 230 1933 vita
253 1869 392 1936 deiecit:
415 1889 530 1933 omnes
553 1869 640 1932 enirn
663 1879 750 1933 artes
773 1869 870 1934 aliter
891 1870 935 1933 ab
959 1871 1006 1933 eis
1028 1880 1219 1949 tractantur,
1235 1873 1292 1954 qui
1307 1892 1362 1936 eas

117 1993 146 2040 15
162 1975 204 2037 ad
229 1994 324 2036 usum
348 1972 556 2048 transierunt,
573 1974 669 2036 aliter
691 1974 734 2037 ab
757 1974 814 2052 eis,
838 1975 895 2056 qui
914 1975 1058 2057 ipsarum
1081 1975 1199 2038 artium
1218 1985 1362 2040 tractatu

161 2077 316 2142 delectati
331 2075 413 2140 nihil
428 2076 460 2138 in
475 2076 544 2140 vita
559 2085 637 2140 sunt
652 2076 741 2141 aliud
761 2078 876 2141 acturi.
915 2079 1078 2161 Magister
1092 2077 1146 2141 hic
1162 2078 1361 2142 Samnitium

160 2201 291 2246 summa
317 2181 383 2244 iarn
410 2189 578 2244 senectute
603 2191 653 2245 cst
681 2191 715 2245 et
739 2182 861 2245 cotidie
888 2192 1139 2259 commentatur,
1166 2183 1247 2247 nihil
1275 2184 1362 2247 enirn

161 2290 252 2345 curat
267 2280 375 2344 aliud:
396 2290 431 2344 at
447 2280 489 2362 Q.
504 2280 662 2344 Velocius
677 2301 758 2364 puer
772 2282 987 2360 addidicerat,
1003 2284 1062 2346 sed
1077 2283 1168 2364 quod
1180 2292 1250 2347 erat
1265 2293 1363 2365 aptus

161 2386 203 2448 ad
220 2384 300 2448 illud
316 2395 492 2466 totumque
507 2395 676 2468 cognorat,
692 2386 764 2464 fuit,
779 2396 815 2449 ut
832 2395 882 2450 est
896 2388 986 2469 apud
1004 2387 1183 2464 Lucilium,

116 2508 147 2542 20
572 2489 723 2570 quamvis
739 2491 844 2554 bonus
860 2490 930 2571 ipse

336 2591 468 2656 Samnis
484 2592 517 2655 in
532 2592 612 2656 ludo
628 2613 666 2656 ac
682 2594 817 2657 rudibus
833 2593 934 2656 cuivis
950 2592 1031 2655 satis
1046 2612 1160 2675 asper,

162 2697 222 2760 sed
245 2696 319 2780 plus
343 2717 464 2778 operae
484 2695 555 2760 foro
582 2698 758 2772 tribuebat,
785 2697 909 2770 amicis,
934 2696 979 2758 rei
1005 2694 1166 2760 familiari.
1211 2696 1364 2761 Valerius

526 2838 548 2875 a.
566 2827 605 2874 Ac
616 2832 700 2874 tamen
711 2824 729 2874 S
741 2825 781 2873 Fr.
793 2841 799 2874 ε
816 2831 928 2874 attamen
939 2824 1025 2873 uKP.

197 2947 218 2982 2.
235 2937 278 2983 Aa
289 2937 384 2982 tamen
395 2949 401 2981 :
412 2947 451 2996 cp.
463 2932 479 2980 i.
492 2932 537 2994 148
549 2932 638 2997 (note).
818 2946 855 2992 17.
864 2937 1078 3009 commentatur,
1087 2935 1094 2960 ‘
1101 2932 1274 2996 practises,’0f
1279 2948 1364 2982 course

162 3015 217 3113 ai·
229 2998 738 3114 litim‘1{taaltzllztlttl‘t
788 2997 934 3128 {librili}
947 2998 997 3112 ll?
1007 2999 1146 3113 aalma·
1159 2998 1365 3127 §.lathi

162 3130 233 3193 thing
244 3136 336 3178 cannot
348 3130 379 3178 be
390 3127 557 3178 understood?
788 3129 835 3178 tice
853 3129 879 3176 in
896 3126 1032 3192 speaking)
1066 3133 1113 3178 hic
1129 3145 1208 3178 seems
1223 3136 1251 3177 to
1268 3145 1364 3178 assume

196 3205 217 3258 7.
235 3198 340 3254 vivere,
353 3195 448 3257 ‘spend
459 3210 501 3257 my
513 3191 598 3258 days?
611 3193 679 3242 there
689 3195 711 3242 is
722 3211 738 3243 a
787 3195 843 3243 that
862 3193 929 3243 there
948 3210 1000 3243 was
1022 3211 1037 3243 a
1056 3195 1132 3243 ludus
1149 3194 1321 3257 gladiatorum
1338 3201 1364 3243 at

161 3276 264 3323 zeugma
274 3260 402 3308 in‘vivere
413 3260 438 3307 in
449 3259 504 3308 istis
515 3257 601 3319 libris,‘
609 3259 648 3307 ior
655 3259 737 3308 which
788 3258 934 3318 Tusculum,
950 3259 1032 3308 which
1048 3259 1069 3307 is
1085 3262 1129 3308 hot
1145 3259 1277 3308 elsewhere
1296 3276 1363 3308 men-

161 3325 262 3374 versari
271 3325 476 3374 wouldbemore
487 3325 593 3374 natural.
787 3324 879 3374 tioned.
925 3324 1010 3373 ‘Each
1040 3324 1102 3387 style
1130 3325 1159 3373 oi
1183 3340 1283 3373 armour
1312 3324 1364 3372 had

191 3392 213 3439 8.
222 3396 333 3440 tantum
342 3427 347 3438 .
357 3426 364 3438 .
373 3393 533 3446 ‚temporisr
547 3390 590 3439 the
597 3391 737 3453 separation
787 3389 909 3454 naturally
925 3387 958 3438 its
972 3405 1027 3438 own
1046 3387 1160 3438 teacher'
1183 3390 1364 3515 §Friedliinden

162 3457 191 3505 of
198 3456 240 3505 the
252 3456 334 3504 words
350 3455 372 3504 is
388 3455 440 3504 still
457 3471 525 3504 more
542 3454 645 3504 marked
659 3457 684 3504 in
695 3455 738 3505 the
788 3455 892 3519 Sitteng.
904 3453 943 3502 iit
957 3455 1001 3515 381
1015 3455 1075 3503 with
1087 3454 1126 3502 his
1137 3453 1188 3503 reis.
1203 3490 1210 3502 .

160 3529 218 3570 next
238 3521 337 3570 clause:
362 3537 400 3586 cp.
420 3536 467 3584 pro
487 3521 559 3569 Balb.
579 3523 634 3582 5‘3.
668 3520 738 3570 Bake
819 3524 856 3570 18.
865 3524 1041 3570 addidicerant
1052 3519 1364 3582 necessarilymeans‘had

160 3586 298 3649 needlessly
309 3586 396 3649 rejects
415 3586 529 3650 ‘puerilis
546 3595 613 3635 aetas
624 3585 645 3635 ε’
668 3587 737 3636 there
787 3603 852 3650 gone
870 3602 902 3634 on
918 3582 1047 3648 learning‚'
1064 3601 1092 3634 as
1111 3585 1140 3633 of
1156 3583 1234 3633 Solon
1252 3584 1365 3649 learning

160 3653 183 3700 is
202 3669 218 3700 a
237 3653 330 3701 certain
348 3651 474 3700 looseness
491 3652 520 3700 os
532 3653 683 3715 expression,
699 3653 738 3700 for
788 3652 928 3715 something
938 3651 1003 3700 fresh
1015 3666 1086 3713 every
1097 3651 1146 3714 day
1156 3650 1222 3714 (Cat.
1231 3649 1267 3698 M.
1278 3652 1301 3698 8.
1313 3649 1363 3711 26),

160 3718 200 3766 his
213 3717 328 3782 ‘puerilis
339 3715 422 3766 aetas'
433 3733 484 3766 was
495 3717 520 3765 in
528 3733 544 3765 a
551 3733 619 3766 sense
631 3718 736 3781 ‘seposi-
788 3734 817 3766 or
829 3717 858 3766 oi
866 3718 939 3766 Plato
951 3717 1045 3779 adding
1055 3722 1083 3765 to
1095 3715 1137 3764 the
1148 3715 1270 3764 doctrines
1280 3715 1364 3764 which

160 3791 214 3832 tum
227 3792 324 3846 tempus
335 3783 368 3831 ad
379 3783 523 3832 discendum
531 3781 552 3841 ;'
570 3784 614 3831 but
626 3783 646 3830 it
657 3783 681 3831 is
693 3789 737 3831 not
788 3783 819 3831 he
831 3782 881 3830 had
892 3783 972 3832 learnt
983 3782 1047 3830 from
1059 3780 1182 3840 Socrates,
1194 3779 1267 3829 those
1279 3781 1308 3829 of
1320 3779 1364 3830 the

161 3848 433 3911 anunnatnrallaxity.
789 3848 973 3911 Pythagoreans
995 3847 1037 3910 (de
1057 3847 1112 3896 Fin.
1134 3862 1157 3894 v.
1177 3859 1215 3909 ²9·
1234 3845 1294 3907 87):
1323 3861 1364 3909 cp.

196 3916 407 3973 1r.forum,etc.
441 3913 495 3962 Pid.
506 3914 529 3961 is
539 3913 629 3977 hardly
644 3920 737 3962 correct
790 3918 803 3972 §
835 3925 888 3976 147.
939 3911 1028 3961 Bake‘s
1061 3911 1199 3973 conjecture
1230 3910 1363 3959 admodum

160 3980 186 4027 in
198 3978 287 4042 taking
302 3976 424 4028 ‘forum’
441 3979 489 4027 and
509 3977 634 4029 ‘causas'
651 3985 678 4027 to
695 3979 737 4026 de-
787 3979 909 4027 dedicarat
930 3979 952 4027 is
978 3977 1137 4026 inconsistent
1159 3974 1221 4023 with
1243 3976 1291 4034 sed,
1314 3975 1363 4024 and

160 4053 218 4094 note
238 4043 280 4092 the
294 4059 375 4107 genus
393 4043 512 4093 iudiciale
534 4044 584 4093 and
603 4040 736 4092 ‘curiam'
788 4051 832 4091 not
849 4044 978 4092 attractive
995 4042 1020 4090 in
1036 4041 1103 4091 itself
1110 4058 1116 4100 ;
1138 4042 1183 4089 bnt
1199 4040 1229 4088 id
1242 4040 1364 4089 didicerat

161 4107 455 4166 and‘rempubliaam’
471 4109 514 4158 the
526 4125 606 4172 genus
620 4109 737 4158 delibera·
788 4109 873 4157 would
901 4110 932 4157 be
959 4123 991 4156 an
1018 4107 1204 4170 improvement.
1248 4105 1364 4169 Nothing

161 4174 252 4223 tivum.
295 4176 343 4240 Cp.
361 4176 378 4225 i.
401 4188 431 4234 32
457 4177 502 4222 ‘ne
528 4191 624 4238 semper
649 4175 737 4232 lorum,
789 4175 880 4222 further
897 4175 919 4222 is
937 4173 1028 4222 known
1046 4171 1074 4220 oi
1091 4171 1217 4229 Velocius,
1238 4171 1362 4230 Valerius,

161 4240 288 4299 subsellia,
316 4248 404 4301 rostra,
432 4240 573 4304 curiamque
605 4238 737 4288 meditere’
789 4255 818 4287 or
830 4239 908 4286 Num.
921 4238 1016 4286 Furius.

163 4305 253 4370 (note),
289 4305 372 4356 where
400 4303 511 4355 ‘rostra’
539 4307 561 4354 is
593 4303 739 4369 practically
824 4306 1008 4352 21.Samnis:
1032 4303 1132 4365 Roby§
1147 4303 1201 4364 285.
1239 4301 1287 4366 Cp.
1305 4309 1364 4350 note

160 4372 301 4435 equivalent
337 4380 364 4421 to
401 4370 618 4436 ‘rempublicam'
662 4370 737 4419 here:
790 4369 856 4418 onii.
871 4382 927 4431 325,
940 4368 1141 4416 Friedlitnderii⁸
1154 4366 1226 4429 530s.

162 4452 201 4501 cp.
216 4441 228 4496 5
240 4435 281 4498 63.
822 4438 951 4494 rudibus,
965 4434 1041 4482 ‘with
1053 4433 1095 4481 the
1106 4431 1180 4482 foils'
