3046 5040
532 357 600 419 DE
623 358 843 419 ORATORE
862 358 931 420 III.
1290 377 1325 422 11

132 529 291 594 orationis
306 540 483 611 utrumque
504 539 670 593 oratorem
692 549 961 610 cognoveramus,
980 530 1013 592 id
1033 528 1276 612 ipsum'sumus
1295 531 1329 594 in

132 654 246 698 eorum
270 653 422 697 sermone
442 633 637 698 adumbrare
657 633 785 697 conati:
808 633 927 715 quodsi
949 634 1022 714 quis
1045 634 1115 708 erit,
1137 635 1193 715 qui
1208 635 1328 697 ductus

133 737 290 820 opinione
305 737 394 819 volgi
409 747 468 801 aut
484 737 670 800 Antonium
691 737 882 800 ieiuniorem
901 745 959 799 aut
976 737 1131 801 Crassum
1147 736 1329 820 pleniorem

133 839 232 904 fuisse
248 849 350 922 putet,
367 860 467 922 quarn
483 861 550 922 quo
566 841 666 904 modo
682 860 702 903 a
716 841 813 904 nobis
829 849 967 922 uterque
983 840 1137 904 inductus
1153 850 1212 917 est,
1224 842 1251 904 is
1267 842 1329 905 erit

104 969 118 1019 5
132 965 176 1006 ex
192 944 247 1020 eis,
262 944 319 1026 qui
335 954 393 1006 aut
409 944 481 1006 illos
497 964 565 1007 non
582 944 747 1007 audierint
763 953 820 1007 aut
841 944 984 1007 iudicare
1000 964 1066 1007 non
1083 944 1228 1027 possint3
1251 964 1329 1008 nam

133 1046 194 1110 suit
209 1056 355 1129 uterque,
373 1057 411 1111 ut
426 1047 567 1130 exposui
583 1057 690 1125 antea,
708 1068 784 1110 cum
805 1048 916 1111 studio
933 1056 1035 1129 atque
1050 1048 1185 1130 ingenio
1201 1057 1235 1111 et
1250 1049 1329 1111 doc-

132 1152 219 1214 trina
234 1160 405 1233 praestans
421 1152 581 1224 omnibus,
592 1159 663 1215 tum
679 1152 712 1214 in
728 1171 788 1213 suo
800 1170 920 1233 genere
933 1150 1105 1232 perfectus
1120 1160 1158 1214 ut
1173 1171 1279 1234 neque
1295 1153 1329 1214 in

132 1252 285 1318 Antonio
295 1254 425 1318 deesset
436 1255 490 1316 hic
501 1263 638 1318 ornatus
650 1254 809 1317 orationis
821 1274 927 1337 neque
940 1255 973 1316 in
985 1253 1105 1317 Crasso
1117 1255 1328 1318 redundaret.

176 1357 226 1422 Ut
256 1358 357 1439 igitur
382 1368 461 1422 ante
491 1357 661 1420 meridiem
687 1358 907 1421 discesserunt
940 1356 1176 1440 paululumque
1201 1359 1365 1441 requie-5

89 1485 119 1521 ro
132 1469 217 1536 runt,
236 1460 269 1522 in
284 1461 398 1544 primis
413 1460 477 1525 hoc
493 1482 513 1524 a
527 1481 563 1524 se
585 1460 685 1526 Cotta
703 1461 968 1525 animadversum
987 1481 1059 1524 esse
1074 1461 1215 1538 dicebat,
1230 1482 1329 1526 omne
1341 1447 1373 1496 ¹⁷

132 1563 214 1626 illud
246 1573 376 1647 tempus
409 1564 626 1630 meridianum
657 1564 811 1629 Crassum
839 1565 872 1626 in
903 1565 1061 1628 acerrima
1093 1573 1193 1647 atque
1219 1574 1329 1629 atten-

131 1667 259 1731 tissima
285 1667 488 1748 cogitatione
513 1668 663 1750 posuisse
687 1688 833 1750 seseque,
856 1667 913 1750 qui
938 1668 1066 1732 voltum
1093 1669 1172 1743 eiuS,
1198 1688 1273 1732 cum
1298 1669 1328 1732 ei

132 1770 310 1833 dicendum
320 1780 416 1847 esset,
431 1771 652 1853 obtutumque
667 1772 837 1835 oculorum
855 1772 888 1834 in
904 1771 1081 1854 cogitando
1096 1772 1199 1855 probe
1214 1783 1329 1837 nosset

131 1881 230 1955 atque
245 1875 277 1937 in
294 1874 450 1938 maximis
469 1875 577 1938 causis
595 1896 695 1958 saepe
714 1875 859 1953 vidisset,
880 1885 951 1939 tum
971 1875 1084 1938 dedita
1099 1895 1200 1958 opera
1218 1876 1327 1956 quies-

88 2001 117 2048 15
131 1978 281 2040 centibus
308 1977 380 2040 aliis
407 1978 439 2041 in
466 1998 539 2041 eam
565 1979 723 2041 exedram
745 1978 882 2055 venisse,
906 1979 939 2042 in
963 1998 1030 2060 qua
1057 1977 1194 2043 Crassus
1219 1980 1327 2062 posito

132 2078 253 2143 lectulo
278 2081 491 2159 recubuisset,
516 2101 657 2164 cumque
687 2102 763 2145 eum
790 2081 940 2145 defixum
971 2083 1003 2144 in
1030 2081 1232 2164 cogitatione
1257 2103 1328 2146 esse

130 2183 295 2257 sensisset,
317 2184 430 2247 statim
454 2185 624 2248 recessisse
646 2194 747 2267 atque
769 2186 802 2247 in
825 2207 865 2251 eo
887 2179 1019 2250 silentio
1041 2185 1124 2248 duas
1147 2183 1245 2250 horas
1261 2185 1328 2250 sere

132 2306 204 2350 esse
225 2296 449 2369 consumptae.
497 2289 628 2352 Deinde
650 2309 726 2351 cum
743 2309 859 2352 omnes
882 2288 1039 2352 inclinato
1057 2288 1122 2351 iam
1144 2288 1176 2350 in
1196 2308 1326 2370 posme-

132 2390 296 2455 ridianum
318 2399 451 2474 tempus
471 2392 526 2454 die
545 2393 713 2457 venissent
732 2393 775 2456 ad
798 2392 963 2467 Crassum,
986 2391 1083 2473 ‘quid
1107 2400 1166 2469 est,
1190 2388 1326 2467 Crasse‚'

148 2531 172 2582 9.
188 2517 375 2584 paululumque
391 2519 553 2582 requierunt:
584 2519 768 2635 omfissktffi
778 2535 842 2633 {lupe
861 2519 938 2569 dubia
958 2533 996 2569 res
1015 2525 1053 2566 est
1072 2534 1104 2567 an
1123 2534 1173 2567 non
1190 2519 1306 2583 sequendi

751 2623 757 2647 ‚
821 2621 827 2633 .

165 2702 187 2741 1.
200 2705 434 2748 cognoveramus:
458 2692 546 2742 Cicero
563 2691 613 2740 had
629 2692 705 2741 heard
753 2692 886 2753 Vitruvius,
900 2709 923 2741 v.
935 2705 974 2752 11,
985 2692 1010 2740 in
1021 2691 1161 2755 describlng
1171 2691 1213 2741 the
1223 2707 1327 2756 gymna-

130 2754 190 2805 both
202 2763 313 2816 orators3
330 2757 413 2806 buthe
421 2773 472 2805 was
480 2765 523 2806 too
534 2773 618 2821 young
628 2764 654 2806 at
663 2758 705 2806 the
752 2758 816 2806 sium
842 2773 871 2806 or
891 2757 1012 2822 palaestra
1035 2757 1149 2807 attached
1171 2764 1198 2806 to
1220 2773 1235 2805 a
1258 2758 1328 2815 villa,
1383 2811 1386 2813 ,

129 2821 190 2870 time
207 2829 234 2870 to
250 2820 315 2870 form
331 2837 346 2870 a
362 2821 458 2871 critical
474 2822 523 2871 and
540 2823 706 2886 independent
751 2824 842 2873 directs
852 2824 905 2872 that
913 2824 980 2872 there
991 2822 1082 2872 should
1093 2823 1123 2871 be
1134 2823 1159 2871 in
1170 2824 1238 2872 three
1249 2824 1279 2871 os
1285 2823 1327 2873 the

126 2885 255 2949 judgment
271 2902 338 2950 upon
355 2887 437 2938 them:
455 2888 532 2937 hence
547 2888 587 2937 his
601 2903 706 2953 concep-
751 2889 901 2938 colonnades
912 2887 1125 3001 surroundinglthe
1133 2895 1204 2938 court
1215 2889 1328 2939 ‘exedrae

129 2952 183 3000 tion
194 2953 224 3000 oi
230 2952 295 3000 their
305 2953 367 3015 style
378 2968 430 3001 was
441 2954 488 3002 due
499 2961 526 3002 to
537 2954 579 3003 the
590 2969 606 3001 ο
625 2954 706 3002 inions
751 2955 883 3018 spatiosae,
898 2956 924 3003 in
940 2955 1029 3019 quibus
1045 2970 1062 3018 p
1080 2953 1196 3018 ilosophi,
1209 2954 1325 3015 rhetores,

129 3017 159 3066 of
173 3017 215 3066 the
232 3018 351 3067 educated
369 3018 444 3067 circle
463 3019 488 3066 in
507 3019 588 3069 which
607 2969 639 3067 he
656 3029 707 3068 was
751 3020 886 3083 reliquique
897 3020 938 3083 qui
950 3020 1037 3069 studiis
1051 3019 1202 3069 delectantur
1215 3020 1328 3069 sedentes

130 3083 238 3146 brought
253 3099 293 3146 up.
328 3084 358 3132 ln
369 3083 410 3133 the
427 3099 484 3132 case
500 3084 529 3132 of
540 3085 650 3143 Crassus,
662 3085 707 3134 but
751 3085 877 3149 disputare
912 3083 1023 3149 possint!
1073 3085 1120 3148 Cp.
1151 3085 1326 3144 Becker-Rein,

128 3156 173 3197 not
190 3148 219 3196 of
232 3149 364 3209 Antonius,
382 3149 451 3198 there
466 3165 529 3199 were
545 3149 599 3198 also
610 3149 707 3199 written
753 3150 850 3206 Gallus,
858 3151 885 3199 ii.
895 3160 954 3212 ²²73
972 3150 1041 3199 Giihl
1050 3151 1099 3199 and
1111 3150 1204 3208 Koner,
1213 3166 1256 3214 pp.
1271 3162 1325 3210 112,

129 3213 247 3278 speeches
266 3221 293 3262 to
311 3215 391 3278 study.
415 3215 462 3262 We
479 3214 569 3264 should
586 3215 649 3262 have
665 3231 706 3264 ex·
753 3217 809 3277 383.
842 3215 897 3265 The
908 3215 977 3264 word
988 3231 1046 3276 was,
1055 3216 1175 3273 however,
1184 3215 1327 3264 sometimes

129 3279 216 3343 pected
228 3294 297 3327 some
308 3281 367 3329 verb
382 3280 513 3344 expressed
524 3280 583 3329 with
598 3283 705 3328 ‘utraru-
752 3281 872 3330 extended
884 3288 911 3328 to
922 3281 988 3329 halis
999 3281 1108 3346 opening
1125 3281 1178 3329 into
1192 3296 1207 3329 a
1219 3288 1288 3330 court
1299 3295 1328 3329 or

129 3359 176 3407 que
195 3343 333 3395 oratorem)
368 3345 415 3410 Cp.
428 3345 455 3394 ii.
467 3343 490 3396 6.
505 3356 550 3406 a5;
576 3344 646 3394 Lael.
659 3345 705 3407 643
752 3346 833 3409 larger
855 3345 916 3397 hall.
956 3346 1005 3409 Cp.
1028 3343 1178 3394 Overbeck’s
1206 3345 1327 3409 Pompeii,

128 3409 159 3459 de
170 3409 230 3472 Leg.
242 3410 277 3458 iii.
290 3421 313 3471 5.
753 3428 777 3477 p.
792 3425 847 3472 ²31·
882 3411 937 3459 The
948 3411 1056 3474 spelling
1066 3411 1145 3458 varies
1159 3410 1269 3459 between
1285 3424 1326 3459 ex·

162 3487 185 3536 5.
198 3478 356 3525 audierint:
373 3475 416 3525 the
426 3476 481 3526 best
496 3475 568 3527 MSS.
580 3477 644 3525 have
658 3490 706 3524 au·
752 3477 829 3525 hedra
852 3476 901 3524 and
919 3476 1023 3525 exedra:
1048 3474 1091 3524 the
1114 3474 1185 3525 MSS.
1204 3475 1262 3524 here
1285 3491 1326 3525 are

128 3538 206 3588 dierit
214 3541 262 3589 and
269 3540 354 3604 possit,
364 3541 446 3590 which
458 3541 561 3605 Madvig
569 3558 601 3591 on
611 3542 642 3591 de
649 3541 704 3590 Fin.
752 3541 851 3590 divided
862 3557 868 3589 :
880 3541 905 3589 in
917 3541 949 3590 de
960 3542 1018 3590 Nat.
1027 3542 1103 3590 Deor.
1113 3540 1130 3589 i.
1141 3539 1231 3602 6,15it
1242 3540 1264 3588 is
1271 3540 1327 3590 said

128 3605 155 3653 ii.
165 3619 202 3667 13.
212 3620 243 3668 39
255 3620 334 3654 seems
344 3613 371 3654 to
382 3606 453 3656 think
465 3623 481 3655 a
492 3606 617 3656 looseness
627 3607 657 3655 of
664 3622 705 3655 ex*
751 3606 931 3670 bySchdmann
943 3607 997 3656 that
1005 3605 1041 3654 all
1049 3606 1108 3655 read
1116 3605 1230 3664 exhedra,
1240 3607 1289 3653 and
1297 3621 1327 3655 so

127 3672 237 3734 pression
248 3671 296 3720 due
307 3679 334 3720 to
345 3672 434 3721 Cicero
445 3672 551 3721 himself.
569 3673 612 3720 No
622 3677 705 3721 recent
751 3673 857 3735 Madvig
875 3673 901 3720 in
918 3670 949 3721 de
966 3671 1020 3721 Fin.
1032 3687 1056 3722 v.
1070 3683 1091 3731 a,
1104 3685 1136 3734 43
1158 3671 1201 3720 but
1218 3669 1326 3720 Cicero’s

127 3736 207 3785 editor
224 3743 312 3801 except
332 3736 457 3787 Friedrich
476 3736 521 3785 has
540 3737 656 3787 ventured
678 3744 704 3786 to
751 3753 808 3786 own
819 3736 941 3801 language
954 3737 1033 3800 (Orat.
1042 3734 1143 3799 4²·140)
1153 3743 1265 3800 suggests
1273 3735 1328 3786 that

128 3801 194 3865 print
205 3802 224 3850 it
236 3817 272 3851 so.
750 3803 782 3852 he
793 3803 878 3851 would
889 3802 951 3851 have
964 3801 1086 3866 preferred
1096 3808 1123 3850 to
1135 3802 1198 3864 drop
1209 3801 1251 3849 the
1263 3801 1327 3865 aspi·

162 3870 191 3925 §5
204 3868 291 3928 17-18.
313 3866 364 3916 The
371 3867 483 3930 deblrgue
491 3866 514 3916 is
523 3869 637 3918 resumed
640 3867 707 3933 afm
750 3869 839 3928 ration,
847 3867 930 3916 which
940 3883 992 3916 was
1002 3867 1082 3930 rarely
1091 3867 1187 3915 written
1198 3867 1224 3914 in
1236 3866 1326 3916 Greek.

127 3929 168 3980 the
179 3931 395 3983 neon-tideriesta.
751 3933 798 3997 Cp.
810 3932 963 3982 Schneider's
974 3932 1028 3982 Lat.
1042 3931 1084 3980 Gr.
1096 3933 1112 3980 i
1126 3945 1180 3995 192.

163 4009 200 4058 13.
220 4001 406 4054 obtutumque
417 4000 573 4058 oculorum,
585 3997 656 4047 ‘how
667 3998 706 4048 his
787 3998 825 4048 16.
837 3998 1011 4057 leotu10,‘the
1018 3993 1227 4060 reading-conch?
1232 3995 1274 4045 the
1282 3995 1326 4047 lec·

126 4077 184 4126 eyes
194 4077 257 4112 were
268 4061 349 4112 fixed’
751 4063 830 4112 ricula
844 4063 1015 4112 Iucubraton'a
1025 4063 1055 4110 os
1062 4061 1129 4112 Suet.
1136 4062 1202 4125 Aug.
1216 4063 1253 4124 78,
1262 4061 1327 4110 from

158 4140 196 4189 14.
204 4131 302 4177 dedita
310 4126 705 4191 opera,‘intentionally,'adAtt.
751 4128 833 4178 which
843 4128 886 4177 tbe
897 4143 1010 4192 emperor
1018 4126 1102 4177 would
1112 4143 1146 4190 go
1158 4129 1207 4176 late
1219 4134 1245 4176 at
1255 4126 1328 4189 night

128 4206 168 4254 113
178 4195 220 4241 ‘ut
228 4194 290 4242 haec
298 4193 375 4257 igitur
383 4193 566 4254 scirem,dedita
575 4210 650 4259 opera
659 4195 706 4243 has
752 4200 778 4242 to
790 4194 829 4242 his
839 4195 920 4243 lectus.
947 4193 994 4257 Cp.
1008 4193 1109 4251 Becker,
1121 4191 1219 4252 Gallus,
1227 4192 1254 4240 ii.
1263 4205 1327 4255 ²95³

128 4256 705 4323 adtelitterasmisir'‘0peradedita,'in5193.
752 4259 800 4308 Ov.
812 4259 884 4308 Trist
904 4259 920 4306 i
935 4271 973 4307 11.
987 4259 1018 4320 38
1035 4261 1096 4343 :nee
1112 4265 1227 4333 consuete
1243 4272 1327 4306 meum

127 4323 707 4449 ..limitatinitiduli}
751 4323 1325 4453 “ultitttthlaaitideerret,

127 4453 215 4504 alcove
229 4470 259 4504 or
269 4455 319 4519 bay
328 4455 355 4503 in
371 4470 387 4504 a
402 4454 540 4505 colonnade
559 4455 705 4519 (pertines).
752 4455 963 4520 ‘posmeridianas
973 4454 1105 4520 quadrigas
1116 4469 1191 4520 quam
1199 4452 1326 4517 postmeri-
