3046 5040
120 363 183 424 104
470 342 520 407 M.
546 343 688 405 TULLI
709 340 965 406 CICERONIS

86 515 196 582 Blaba
208 513 385 580 terminari.
409 514 529 595 Neque
537 534 616 577 vero
628 513 710 577 haec
721 523 792 577 tarn
802 533 913 577 acrem
922 533 1034 581 curam
1043 512 1320 596 diligentiamque

86 604 106 647 4
120 621 317 695 desiderant,
333 639 433 701 quarn
449 629 499 682 est
515 618 571 682 illa
585 624 777 700 poetarum3
799 638 882 700 quos
903 618 1080 681 necessitas
1100 617 1190 700 cogit
1208 627 1244 681 et
1258 615 1322 699 ipsi

119 723 299 788 numeriae
321 723 413 786 modi
434 723 480 786 sic
500 723 602 785 verba
618 741 715 784 versu
734 720 910 799 includere,
927 730 964 784 ut
984 719 1066 784 nihil
1080 720 1124 784 sit
1146 741 1189 784 ne
1203 721 1322 802 spiritu

121 828 255 911 quidem
273 826 409 889 minimo
425 826 556 889 brevius
572 834 631 888 aut
652 824 792 907 longius,
808 844 909 906 quam
924 845 1058 888 necesse
1073 834 1134 888 est.
1169 824 1324 888 Liberior

121 941 172 995 est
194 933 301 993 oratio
323 940 357 993 et
378 928 486 1012 plane,
507 940 544 994 ut
564 928 694 1005 dicitur,
715 929 762 991 sic
778 936 828 991 est
845 948 921 991 vere
941 926 1061 1006 soluta,
1076 948 1142 991 non
1161 937 1198 990 ut
1216 927 1349 1011 fugiats

121 1045 232 1098 tamen
245 1041 302 1096 aut
318 1044 414 1110 erret,
429 1033 486 1096 sed
504 1042 541 1096 ut
556 1032 626 1095 sine
646 1031 782 1095 vinculis
802 1031 865 1095 sibi
882 1031 953 1114 ipsa
972 1032 1170 1096 moderetur.
1216 1031 1323 1095 Nam·

122 1158 186 1219 que
201 1157 264 1219 ego
280 1137 361 1199 illud
378 1135 547 1200 adsentior
564 1135 807 1216 Theophrasto,
828 1136 884 1217 qui
904 1145 1002 1217 putat
1022 1137 1218 1212 orationem,
1237 1154 1325 1217 quae

122 1242 256 1323 quidem
281 1240 323 1303 sit
348 1238 453 1321 polita
475 1248 576 1321 atque
599 1239 687 1302 lacta
710 1239 856 1320 quodam
881 1239 994 1315 modo,
1017 1257 1084 1302 non
1105 1239 1250 1315 astricte,
1265 1238 1325 1300 sed

86 1367 108 1412 11
123 1345 289 1408 remissius
305 1363 515 1406 numerosam
527 1363 598 1406 esse
611 1351 770 1423 oportere
810 1342 954 1418 Etenim,
963 1343 1049 1405 sicut
1059 1341 1114 1405 ille
1128 1342 1325 1424 suspicatur,

122 1457 156 1510 et
172 1469 216 1510 ex
234 1447 304 1510 istis
320 1447 438 1523 modis,
451 1446 570 1528 quibus
586 1444 639 1509 hic
650 1446 788 1510 usitatus
801 1465 913 1507 versus
926 1445 1075 1522 efficitur,
1091 1455 1169 1528 post
1180 1464 1325 1527 anapae-
1341 1468 1370 1504 10

123 1560 203 1627 stuS,
229 1551 394 1631 procerior
417 1549 552 1631 quidam
579 1569 743 1625 numerus,
773 1547 924 1625 effloruit,
948 1549 1026 1611 inde
1048 1546 1102 1610 ille
1119 1547 1269 1611 licentior
1292 1559 1326 1610 et

123 1655 257 1718 divitior
271 1653 371 1716 fluxit
390 1651 632 1733 dithyrambuS,
651 1653 744 1715 cuius
765 1652 915 1715 membra
934 1660 969 1714 et
984 1651 1094 1732 pedes,
1111 1660 1148 1714 ut
1163 1651 1209 1715 ait
1225 1651 1327 1728 idem,

123 1766 200 1819 sunt
220 1757 253 1819 in
274 1756 365 1819 omni
385 1754 539 1836 locupleti
563 1755 711 1818 oratione
730 1755 868 1831 diffusa3
891 1762 934 1832 et,
955 1755 982 1818 si
998 1774 1210 1818 numerosum
1227 1764 1279 1818 est
1293 1754 1328 1819 in

124 1860 280 1923 omnibus
295 1860 383 1921 sonis
404 1867 505 1938 atque
523 1858 669 1935 vocibus,
685 1860 774 1940 quod
793 1859 895 1921 habet
913 1859 1074 1941 quasdam
1095 1858 1328 1941 impressiones

125 1973 159 2027 et
181 1963 270 2044 quod
296 1962 403 2025 metiri
427 1982 601 2044 possumus
624 1960 800 2025 intervallis
819 1960 1021 2044 aequalibus,
1036 1970 1125 2025 recte
1142 1981 1248 2044 genus
1262 1961 1328 2025 hoc
1343 1983 1371 2032 15

125 2084 348 2141 numerorum,
375 2065 455 2127 dum
483 2065 585 2128 modo
610 2085 651 2128 ne
676 2066 868 2128 continuum
899 2066 953 2142 sit,
981 2066 1014 2127 in
1046 2065 1203 2129 orationis
1228 2063 1328 2128 laude

126 2179 276 2252 ponetur.
310 2168 398 2230 Nam
415 2167 441 2230 si
459 2169 547 2232 rudis
564 2178 597 2232 et
614 2168 764 2250 impolita
775 2169 924 2251 putanda
937 2177 987 2231 est
999 2168 1056 2231 illa
1067 2169 1138 2232 sine
1148 2167 1328 2231 intervallis

212 2270 248 2319 16.
266 2269 383 2319 continui
391 2270 445 2318 sint
455 2271 492 2318 M
499 2268 539 2318 Fr.
552 2270 592 2319 H:
609 2270 805 2399 cffiZuurqlszl'p
814 2285 831 2320 r
840 2271 908 2335 vulg.
962 2281 999 2335 17.
1011 2277 1123 2335 ponetur
1132 2269 1236 2320 LPKS.

654 2351 671 2383 n
695 2351 730 2383 ur
804 2353 823 2384 r.

160 2433 182 2466 1.
210 2420 261 2466 illa
285 2421 441 2474 poetarum,
466 2418 523 2466 ‘the
543 2416 701 2466 well-known
753 2418 886 2468 Thereisa
893 2418 961 2482 good
970 2418 1102 2468 collection
1111 2418 1140 2468 ol
1148 2417 1209 2468 such
1221 2417 1329 2467 adverbs

125 2501 181 2535 care
204 2483 252 2531 aad
277 2484 397 2532 attention
424 2482 452 2531 ol
473 2483 515 2532 the
540 2483 639 2546 poets‘:
673 2497 702 2531 ea
752 2484 777 2532 in
790 2484 909 2548 Nigelsb.
922 2483 987 2534 Stil.⁸
997 2499 1021 2549 p.
1031 2497 1087 2547 349.

121 2556 253 2615 poetarum
270 2549 308 2597 for
325 2549 394 2597 ‘that
411 2548 440 2595 ol
457 2548 498 2597 the
518 2550 601 2613 poets'
618 2547 703 2596 would
788 2562 825 2598 10.
848 2553 896 2599 hio
916 2553 1038 2599 usitatus
1056 2564 1163 2605 versus.
1185 2546 1327 2607 collective,

126 2622 170 2664 not
179 2617 209 2664 be
217 2614 286 2677 good
297 2615 379 2662 Latin.
408 2615 455 2677 Cp.
464 2613 631 2678 ngelsbach,
640 2619 701 2676 190,
752 2614 811 2663 ‘the
822 2622 912 2664 metres
922 2631 978 2663 now
989 2615 1015 2662 in
1026 2630 1142 2664 common
1153 2629 1196 2662 nse
1207 2614 1270 2662 with
1282 2611 1327 2672 ns,’

127 2695 141 2742 3
153 2697 159 2739 ;
177 2681 274 2742 Zumpt,
289 2683 302 2737 ξ
316 2679 371 2742 767.
752 2679 794 2729 ie.
802 2680 949 2740 hexameter,
959 2680 1057 2739 iambic,
1066 2680 1114 2728 and
1122 2678 1240 2728 trochaic
1260 2679 1329 2728 Ana·

160 2759 183 2807 3.
201 2748 313 2793 numeri
325 2760 357 2794 10
368 2747 464 2792 modi:
480 2744 497 2792 i.
511 2756 556 2805 151
571 2744 660 2807 (note).
753 2746 847 2808 paestic
853 2745 954 2809 rhythm
961 2761 1065 2809 appears
1071 2744 1203 2794 heerinits
1208 2751 1329 2794 structure

161 2827 184 2872 5.
202 2814 301 2870 oratio,
314 2813 402 2872 ‘prose
414 2809 493 2871 style,’
507 2814 520 2869 ς
536 2822 589 2870 153.
752 2811 812 2860 than
824 2827 872 2874 any
883 2811 912 2859 ol
922 2811 1003 2868 theoe3
1027 2811 1072 2859 but
1083 2810 1152 2859 there
1163 2811 1185 2858 is
1195 2825 1230 2859 no
1240 2824 1328 2859 reason

160 2875 702 2939 1111111...111...111;’0111113011
753 2883 780 2924 to
797 2891 903 2940 suppose
920 2876 974 2925 that
991 2877 1011 2925 it
1027 2875 1164 2940 developed
1181 2875 1266 2924 outol
1280 2889 1329 2938 any

129 2943 230 3005 quisque
250 2942 359 2988 maxime
371 2975 395 2988 ..
410 2939 466 2989 ‚sic
482 2943 589 2988 munitus
607 2946 663 2990 est.
676 2976 682 2988 .
695 2975 702 2989 .
752 2942 885 3005 preceding
895 2950 978 2990 metre.

128 3013 175 3055 ut.
190 3002 279 3055 ..ita.’
789 3021 826 3055 11.
845 3011 995 3066 prooertor,
1018 3003 1136 3070 ‘longer‚’
1155 3023 1171 3055 a
1191 3005 1330 3054 somewhat

160 3073 261 3129 fugiat,
274 3073 332 3118 ‘run
345 3068 394 3119 on.’
753 3073 858 3121 unusual
877 3073 1000 3134 meaning,
1018 3071 1140 3136 although
1159 3071 1201 3120 the
1219 3071 1289 3119 word
1309 3071 1331 3119 is

163 3146 185 3200 7.
207 3138 295 3184 illud:
324 3150 364 3198 cp.
381 3135 397 3184 i.
416 3147 446 3197 35
466 3141 560 3185 ‘cetera
579 3135 705 3185 adsentior
754 3138 895 3186 sometimes
903 3138 964 3186 used
971 3137 1000 3186 ol
1006 3145 1073 3200 parts
1080 3137 1109 3185 ol
1115 3137 1157 3186 the
1165 3137 1241 3199 body,
1248 3135 1331 3185 where

128 3199 235 3251 Crasso.’
755 3202 840 3266 height
851 3203 872 3252 is
882 3212 926 3252 not
941 3203 966 3250 in
982 3204 1109 3266 question3
1132 3203 1176 3250 but
1194 3201 1331 3250 Diomedes

162 3269 371 3322 'I'beophraator
398 3265 438 3314 his
463 3264 516 3328 περὶ
540 3263 628 3327 λέξεως
653 3281 705 3314 was
754 3276 841 3333 quotes
865 3268 930 3316 from
955 3268 1035 3317 Varro
1060 3267 1187 3331 ‘syllabae
1215 3281 1331 3330 procerae

128 3338 213 3382 extant
221 3337 247 3379 11
255 3331 363 3380 thetime
371 3331 400 3379 os
405 3331 500 3393 Cicero,
509 3331 575 3380 forit
583 3332 704 3396 isquoted
755 3340 819 3391 sunt,
842 3349 905 3396 quae
927 3333 1040 3383 vocalem
1065 3333 1167 3397 longam
1190 3331 1283 3380 habent
1305 3331 1331 3379 in

128 3398 162 3460 by
182 3397 257 3445 Dion.
279 3397 362 3446 Halic.
395 3397 424 3444 In
445 3397 486 3446 the
506 3398 598 3446 Orator
616 3397 705 3446 Cicero
754 3398 912 3460 paenultima,
931 3405 960 3447 ut
976 3397 1095 3448 facultas'
1128 3399 1183 3447 The
1201 3404 1264 3446 term
1284 3413 1330 3446 cau

128 3470 215 3527 quotes
244 3461 430 3527 Theophrastus
463 3479 532 3511 some
564 3462 704 3512 hall-dozen
754 3464 779 3511 in
791 3479 839 3526 any
848 3464 1058 3528 casebeapplied
1070 3463 1130 3527 only
1138 3462 1198 3512 with
1208 3464 1332 3512 reference

128 3529 215 3577 times:
233 3543 271 3592 cp.
284 3527 386 3590 Sandys
398 3528 492 3577 Introd.
504 3544 528 3592 p.
540 3528 599 3577 lxix.
754 3537 781 3577 to
792 3529 884 3578 iambic
895 3530 944 3578 and
956 3529 1075 3590 trochaic,
1086 3537 1130 3578 1101
1145 3537 1173 3578 10
1188 3527 1333 3576 hexameter

164 3595 187 3642 8.
209 3596 292 3652 faeta,
311 3591 432 3657 ‘shaped'
453 3593 609 3655 (πεποιημένη
629 3591 702 3654 λέξις)
754 3610 829 3644 verse.
858 3596 932 3658 Cp.§
947 3608 1001 3658 191.

130 3660 146 3707 i.
169 3657 201 3719 63
226 3661 341 3722 ‘ignarus
365 3659 494 3708 faciundae
519 3674 549 3706 ac
574 3659 705 3724 poliendae
790 3673 826 3707 12.
850 3664 1062 3717 ditltvrembns:
1092 3658 1248 3722 dithyrambis
1269 3672 1333 3708 were

130 3724 265 3773 orationis!
314 3724 369 3772 The
394 3725 460 3773 force
489 3725 511 3773 is
538 3725 650 3774 different
678 3728 704 3773 in
755 3725 851 3775 written
863 3727 889 3774 in
901 3726 942 3775 the
954 3733 1019 3774 most
1028 3725 1148 3789 irregular
1156 3731 1254 3783 menes,
1263 3723 1331 3773 often

132 3795 230 3852 11149,
248 3790 374 3853 154‚167‚
394 3803 454 3838 201:
478 3789 605 3854 ‘coiniag'
623 3791 706 3838 words
755 3791 980 3855 notantistrophic.
1015 3791 1050 3838 At
1061 3789 1114 3839 first
1126 3790 1184 3852 they
1194 3804 1259 3838 were
1271 3789 1333 3838 rude

129 3857 152 3905 is
162 3861 207 3904 not
218 3855 260 3904 the
271 3871 338 3904 same
350 3855 420 3917 thing
432 3871 459 3902 as
472 3853 625 3919 ‘moulding'
634 3855 704 3918 style.
754 3855 861 3920 popular
875 3870 957 3920 songs,
972 3858 1016 3906 but
1026 3856 1106 3904 Arion
1121 3855 1173 3904 first
1186 3870 1250 3918 gave
1263 3855 1333 3903 them

131 3922 178 3970 lint
195 3936 235 3982 cp.
253 3920 323 3969 Orat.
342 3929 386 3982 171
406 3925 570 3984 ‘quamquam
588 3922 705 3970 orationis
755 3921 854 3984 literary
874 3922 953 3970 torm:
983 3937 1022 3986 cp.
1046 3920 1134 3984 Bergk,
1158 3921 1202 3970 Gr.
1225 3920 1285 3969 Litt.
1306 3920 1332 3969 ii.

131 3985 258 4035 faciendae
268 3992 294 4034 et
304 3984 428 4033 ornandae
439 3993 551 4034 auctores
563 3986 705 4050 locupletis·
755 4002 780 4050 p.
803 4001 858 4048 241,
878 3987 928 4036 aad
948 3987 986 4035 lor
1005 3987 1047 4037 the
1066 3986 1130 4036 later
1147 3985 1291 4049 dithyramb
1307 4001 1332 4050 p.

130 4049 209 4100 simi':
228 4051 296 4099 Brut.
304 4063 336 4110 30
347 4053 473 4098 ‘accurata
484 4056 510 4100 et
520 4051 585 4100 lacta
596 4051 705 4115 quodam
756 4056 803 4114 Ι118
813 4051 838 4100 ff.

130 4115 207 4164 ruodo
216 4113 318 4164 oratio':
333 4115 366 4162 ad
379 4115 439 4163 Her.
449 4116 484 4165 iii.
494 4125 525 4178 47
537 4117 616 4166 ‘iacta
627 4124 651 4166 et
663 4117 704 4167 de·
791 4130 828 4178 13.
846 4124 884 4177 et,
898 4118 961 4166 ‘and
972 4118 997 4166 in
1010 4115 1075 4166 fact!

129 4183 182 4230 dita
193 4196 269 4244 opera
280 4186 425 4244 comparata
436 4178 531 4229 oratio!
790 4196 828 4245 14.
857 4187 1064 4243 impressiones,
1084 4181 1101 4231 i.
1111 4197 1135 4245 q.
1156 4181 1332 4245 percussiones,
1368 4183 1374 4255 ξ

152 4247 704 4310 nonastricta,sedremiasius.‘notrigidly,
756 4245 855 4307 ‘beats,'
864 4264 893 4297 or
901 4246 1191 4312 emphasizedsyllablea.
1214 4247 1244 4295 In
1253 4245 1334 4296 Acad.
1369 4268 1373 4295 :

130 4312 175 4361 bnt
187 4311 322 4359 somewbat
333 4309 512 4375 negligently':
530 4327 569 4375 ep.
578 4312 647 4361 Orat.
658 4325 705 4362 110
754 4313 770 4363 i.
790 4327 819 4376 19
840 4314 986 4377 ‘explanata
1005 4328 1095 4363 vocum
1115 4310 1261 4376 impressio'
1279 4313 1302 4360 is
1318 4326 1335 4360 1
1367 4318 1373 4365 ἒ

131 4379 194 4426 ‘nec
204 4383 286 4425 tamen
298 4376 358 4424 haec
370 4378 404 4425 ita
415 4384 471 4425 sunt
485 4384 539 4425 arta
554 4384 580 4426 et
595 4378 704 4439 astricta,
755 4379 826 4428 merit
838 4380 867 4428 ol
871 4379 913 4428 the
924 4386 1023 4442 tongue.
1365 4378 1371 4415 ¹

129 4451 207 4493 ntea
227 4457 285 4492 cum
308 4441 413 4490 velimus
434 4440 516 4491 laxare
537 4443 703 4508 nequeamus.'
789 4457 827 4509 11·
843 4447 1004 4494 intervallis
1022 4446 1198 4504 aequalibus,
1219 4444 1268 4508 ‘by
1291 4442 1335 4494 the
