3046 5040
168 339 210 420 48
518 340 570 404 M.
596 339 740 402 Taras
759 338 1015 402 arcanorum

121 527 156 575 st
169 512 292 577 cotidie
306 511 460 576 cantabat
471 533 479 590 ;
506 511 683 575 eratenim
703 511 891 574 scaenicus:
915 509 995 592 quid
1016 508 1138 574 iaceret
1160 507 1271 574 aliud?
1318 507 1372 572 At

170 616 348 680 Numerius
370 616 498 692 Furius,
514 625 626 679 noster
640 615 820 686 familiaris,
836 635 912 679 cum
929 624 981 678 est
995 614 1220 690 commodum,
1236 622 1371 689 cantat3

169 730 220 783 est
238 719 326 782 enim
348 718 592 802 paterfamilias,
615 728 665 782 est
688 739 788 800 eques
811 718 1001 794 Romanus3
1036 737 1119 800 puer
1140 717 1254 781 didicit
1276 717 1370 799 quod

169 823 361 887 discendum
384 822 456 886 fuit.
501 823 629 885 Eadem
657 823 740 887 ratio
763 831 813 885 est
836 821 953 884 harum
977 823 1097 884 artium
1124 822 1371 894 maximarum:

170 927 240 990 dies
267 936 300 990 et
323 927 429 990 noctis
453 925 559 989 virum
587 947 716 990 summa
741 926 862 990 virtute
895 935 929 989 et
958 925 1135 1007 prudentia
1163 925 1400 997 videbamus:

169 1029 368 1112 philosopho
384 1051 459 1093 cum
480 1051 615 1114 operam
634 1031 739 1107 daret,
761 1030 804 1112 Q.
824 1030 1056 1108 Tuberonem;
1078 1038 1114 1092 at
1134 1029 1204 1092 eius
1222 1049 1369 1093 avuncu-

168 1131 237 1196 lum
263 1134 321 1196 vix
348 1134 553 1217 intellegeres
580 1135 614 1198 id
638 1154 746 1217 agere,
772 1153 849 1198 cum
875 1143 988 1216 ageret
1012 1142 1134 1210 tamen,
1164 1130 1370 1196 Africanum

170 1237 241 1301 Ista
264 1239 434 1301 discuntur
456 1237 561 1313 facile,
583 1238 611 1300 si
634 1246 668 1301 et
691 1247 822 1301 tantum
846 1258 966 1310 sumas,
982 1247 1143 1318 quantum
1161 1256 1245 1319 opus
1267 1237 1319 1312 sit,
1335 1245 1370 1300 et

169 1340 294 1404 habeas
319 1341 376 1423 qui
401 1342 520 1405 docere
546 1340 688 1405 fideliter
714 1341 819 1424 possit
840 1349 875 1403 et
897 1340 981 1404 scias
1004 1340 1105 1404 etiam
1131 1339 1201 1421 ipse
1223 1339 1369 1416 discere;

119 1464 157 1509 ss
170 1446 228 1508 sed
244 1445 271 1507 si
289 1454 361 1508 tota
381 1447 448 1509 vita
468 1445 549 1508 nihil
568 1444 650 1508 velis
672 1446 761 1508 aliud
782 1465 891 1526 agere,
912 1445 984 1526 ipsa
998 1445 1152 1509 tractatio
1168 1454 1202 1508 et
1217 1444 1370 1526 quaestio
1386 1465 1416 1500 10

169 1549 290 1614 cotidie
316 1570 360 1612 ex
386 1570 421 1612 se
445 1550 552 1632 gignit
580 1549 713 1632 aliquid,
740 1550 830 1631 quod
857 1569 932 1612 cum
959 1549 1126 1613 desidiosa
1148 1549 1370 1612 delectatione

167 1653 319 1734 vestiges.
366 1653 419 1717 Ita
445 1651 492 1726 fit.
516 1662 553 1716 ut
575 1653 714 1736 agitatio
737 1673 845 1716 rerum
868 1652 912 1716 sit
933 1652 1069 1726 infinita,
1085 1653 1231 1735 cognitio
1255 1652 1369 1726 facilis,

167 1756 200 1820 si
213 1776 291 1820 usus
307 1755 490 1820 doctrinam
506 1756 689 1834 confirmet,
705 1757 878 1820 mediocris
898 1776 1000 1838 opera
1017 1757 1190 1834 tribuatur,
1206 1757 1370 1821 memoria

167 1860 380 1941 studiumque
396 1870 596 1941 permaneat.
630 1861 730 1924 Libet
742 1870 855 1924 autem
868 1881 998 1943 semper
1009 1860 1152 1937 discere;
1172 1869 1210 1923 ut
1225 1860 1253 1922 si
1269 1860 1368 1925 velim

168 1983 232 2044 ego
255 1964 331 2026 talis
352 1964 479 2046 optime
500 1964 615 2027 ludere
637 1974 695 2027 aut
713 1963 801 2046 pilae
823 1964 934 2027 studio
957 1973 1077 2040 tenear,
1096 1963 1196 2028 etiam
1220 1963 1414 2040 sortasse,15

169 2066 196 2128 si
212 2067 349 2148 adsequi
364 2087 431 2129 non
446 2068 588 2148 possim3
611 2078 647 2130 at
666 2067 733 2144 alii,
755 2068 832 2149 quia
852 2066 1020 2150 praeclare
1040 2066 1173 2144 faciunt,
1189 2066 1370 2130 vehemen-

168 2169 243 2244 tius,
271 2190 371 2251 quam
397 2191 496 2234 causa
522 2169 679 2252 postulat,
707 2169 923 2245 delectantur,
951 2178 988 2233 ut
1013 2170 1123 2233 Titius
1147 2170 1224 2252 pila,
1256 2169 1371 2234 Brulla

118 2289 156 2336 aa
169 2273 256 2338 talis.
301 2273 377 2356 Qua
392 2295 428 2337 re
443 2272 524 2336 nihil
539 2284 589 2337 est
604 2275 695 2357 quod
715 2274 890 2357 quisquam
911 2275 1171 2357 magnitudinem
1187 2274 1309 2338 artium
1325 2295 1371 2337 ex

170 2398 219 2452 eo,
243 2379 333 2460 quod
360 2398 455 2443 senes
479 2379 618 2456 discunt,
638 2380 858 2463 pertimescat,
881 2398 1025 2461 namque
1047 2388 1105 2441 aut
1127 2399 1223 2443 senes
1248 2379 1293 2442 ad
1313 2399 1370 2442 eas

168 2491 376 2546 accesserunt
397 2492 455 2546 aut
478 2503 582 2565 usque
605 2483 649 2546 ad
673 2491 877 2547 senectutem
900 2483 934 2544 in
956 2482 1075 2545 studiis
1099 2483 1290 2547 detinentur
1312 2492 1371 2547 aut
1388 2505 1418 2541 ιο

204 2673 226 2708 1.
243 2663 357 2720 tacent,
369 2661 443 2723 Roby
456 2666 468 2719 5
484 2659 556 2722 1604.
830 2674 868 2710 12.
886 2665 1012 2719 agitatio,
1026 2675 1178 2724 anecessary
1185 2663 1325 2711 correction
1332 2662 1372 2711 ior

203 2739 226 2786 3.
243 2728 455 2785 paterfamilias,
465 2728 492 2775 ‘a
503 2726 571 2790 plain
584 2725 689 2785 citizen,'
700 2732 744 2775 not
794 2725 836 2775 the
848 2726 1030 2789 unintelligible
1045 2726 1182 2789 agitatiora
1198 2726 1227 2774 of
1241 2726 1284 2776 the
1296 2726 1369 2778 MSS.

170 2807 186 2839 a
202 2791 364 2853 professional
380 2791 407 2852 (i.
424 2804 477 2850 132,
496 2804 543 2854 159
555 2792 628 2852 etc);
645 2809 660 2840 a
673 2792 744 2841 word
794 2792 842 2841 due
860 2800 887 2841 to
903 2791 1004 2851 Miiller,
1019 2791 1077 2840 who
1093 2792 1148 2840 also
1165 2791 1247 2841 added
1263 2792 1302 2842 si:
1329 2795 1370 2843 Fr.

169 2855 250 2904 which
262 2872 321 2920 may
332 2857 362 2905 be
377 2856 544 2921 disparaging,
562 2872 590 2905 or
604 2857 742 2918 otherwise,
793 2857 864 2906 reads
874 2857 980 2920 agitatio
991 2873 1040 2904 ne.
1055 2893 1060 2905 .
1074 2894 1080 2904 .
1092 2873 1161 2905 uuas.

169 2921 304 2985 according
314 2928 341 2970 to
352 2921 395 2970 the
406 2928 513 2971 context.
829 2935 867 2982 13.
882 2927 1036 2981 confirmet,
1050 2921 1237 2986 ‘strengthens’

203 2999 225 3048 5.
246 2989 305 3035 dios
322 2992 351 3035 et
371 2993 483 3036 noctes:
503 3003 543 3052 cp.
560 2986 625 3036 Reid
641 3002 674 3036 on
686 2987 742 3036 Cat.
829 3001 867 3049 14.
884 2992 1019 3047 studium,
1032 2988 1165 3038 ‘interest’

169 3050 206 3102 M.
221 3064 242 3100 1.
826 3056 906 3112 libat,
924 3054 959 3103 ‘it
974 3055 997 3102 is
1012 3070 1028 3102 a
1042 3052 1171 3117 pleasnre‚’
1182 3053 1258 3103 much
1271 3055 1372 3105 wealrer

201 3120 383 3166 videbamus:
401 3116 434 3167 ib.
449 3122 513 3182 549.
793 3117 854 3167 than
867 3117 1002 3168 ‘delectat'

202 3181 225 3231 6.
244 3186 474 3234 aum...daret:
495 3183 521 3232 ii.
536 3182 559 3232 6.
573 3196 612 3242 ιο,
629 3183 710 3243 Roby,
730 3187 743 3241 5
827 3189 861 3231 ut
879 3187 904 3231 si
927 3187 1024 3243 velim,
1044 3184 1083 3233 ie.
1101 3186 1147 3234 ‘as
1170 3185 1184 3232 1
1204 3183 1295 3233 should
1318 3184 1370 3235 find

171 3257 243 3310 1724.
278 3251 312 3303 Q.
327 3251 511 3308 Tuberonem,
526 3265 573 3298 one
584 3248 614 3297 oi
626 3249 668 3298 the
679 3255 745 3297 most
793 3249 822 3306 it,
831 3249 854 3296 if
858 3249 1159 3313 lweretotakeafaneyss
1185 3250 1371 3313 Madvigreads

169 3313 364 3378 devotedpupils
371 3313 400 3362 of
406 3313 537 3363 Panaetius
543 3315 744 3378 (philosopher
796 3314 871 3376 (Adv.
887 3315 921 3361 ιιι
936 3313 987 3378 94),
1002 3317 1044 3364 ‘ut
1060 3313 1099 3376 [as
1113 3316 1152 3364 for
1165 3315 1289 3379 instance]
1307 3316 1370 3380 pila,

168 3379 201 3428 he
217 3393 269 3426 was
284 3379 326 3427 the
343 3394 388 3427 son
406 3380 435 3427 of
448 3379 566 3440 Aemilia,
577 3378 620 3428 the
636 3380 708 3428 sister
719 3380 748 3427 oi
794 3380 876 3430 studio
888 3387 972 3428 tenear
982 3380 1057 3429 etiam
1069 3381 1172 3432 fortasse
1182 3379 1236 3431 etc)

169 3443 255 3507 Scipio
277 3444 433 3493 Aemilianus
462 3444 666 3507 (avunculum),
695 3444 745 3493 and
829 3454 867 3507 17.
885 3447 988 3504 ¹fitius,
1000 3446 1025 3495 ii.
1040 3460 1095 3508 ²53·

168 3509 226 3558 thus
243 3509 285 3557 the
301 3510 425 3572 grandson
440 3510 470 3558 oi
483 3510 512 3558 L.
525 3510 641 3558 Paullus:
661 3525 700 3573 cp.
718 3509 743 3558 ii.
827 3513 932 3570 Brulla,
950 3517 994 3559 not
1009 3511 1104 3560 further
1119 3511 1226 3561 lrnowu:
1244 3513 1287 3561 the
1304 3512 1369 3565 iorm

170 3587 226 3642 341,
240 3575 309 3623 Brut.
323 3575 541 3638 117,proMuren.
555 3587 595 3637 75.
794 3575 824 3623 of
849 3574 892 3624 the
919 3591 991 3623 name
1020 3592 1099 3625 seems
1126 3577 1234 3640 scarcely
1261 3578 1370 3628 Roman.

203 3649 225 3702 7.
243 3642 439 3696 intellegeres:
456 3641 537 3703 Roby,
553 3644 565 3698 5
581 3654 650 3703 1544.
793 3640 881 3688 Ihave
891 3641 968 3688 noted
983 3642 1112 3691 Mamulla
1128 3658 1156 3690 as
1169 3659 1185 3690 a
1198 3643 1266 3691 male
1277 3659 1371 3707 coguo-

203 3707 226 3754 8.
252 3719 323 3761 opus
351 3708 406 3754 sit:
441 3712 477 3753 est
508 3705 593 3753 would
626 3705 680 3754 also
713 3705 744 3754 be
793 3720 851 3753 men
873 3705 902 3753 of
925 3705 968 3753 the
996 3707 1129 3756 Comelian
1152 3723 1213 3770 gens
1238 3709 1371 3770 (Garrncci

169 3769 322 3834 legitimate:
339 3786 378 3834 cp.
395 3771 421 3818 in
438 3771 494 3818 Cat.
513 3771 544 3818 iv.
563 3771 585 3817 8.
604 3769 633 3818 16
646 3773 744 3820 ‘servus
797 3769 870 3833 1475)
884 3787 891 3818 ε
907 3771 981 3819 Sulla
995 3771 1080 3820 stands
1096 3773 1129 3834 by
1140 3773 1215 3831 itself‚
1227 3789 1266 3837 cp.
1279 3774 1370 3831 Ralla:

169 3843 206 3885 est
228 3851 302 3884 nemo
329 3836 372 3899 qui
398 3851 448 3884 non
478 3834 596 3898 [tautum]
625 3842 744 3899 quantum
794 3836 951 3885 diminutives
968 3837 993 3885 in
1011 3837 1090 3885 -ullus
1107 3853 1149 3886 are
1164 3838 1369 3888 ofcoursecom·

168 3900 244 3953 audet
267 3908 291 3949 et
318 3907 437 3964 qnantum
465 3908 548 3964 potest
576 3902 684 3950 conserat
711 3901 744 3950 ad
794 3917 861 3957 mon,
888 3917 939 3964 eg.
968 3903 1103 3964 Tertullus,
1131 3903 1277 3966 Hispallus,
1308 3905 1368 3952 Ger-

169 3965 433 4016 salutemvoluntatist'
443 3966 487 4014 bnt
497 3967 516 4015 it
526 3967 547 4014 is
555 3973 599 4015 not
607 3981 742 4030 necessary,
794 3965 896 4025 mullus,
915 3967 1017 4014 Rullus.
1051 3968 1106 4017 The
1125 3968 1175 4016 last
1194 3984 1274 4018 seems
1292 3977 1320 4018 to
1338 3971 1370 4018 be

168 4047 197 4081 as
207 4031 277 4080 Bake
290 4047 361 4095 says:
379 4031 510 4095 cp.Roby,
526 4032 624 4093 §1778.
794 4032 832 4079 for
844 4030 975 4094 Rufulus:
1000 4033 1022 4081 is
1037 4033 1057 4080 it
1073 4033 1183 4096 possible
1199 4034 1256 4082 that
1273 4034 1371 4083 Brulla

205 4110 244 4146 10.
261 4102 323 4144 tota
342 4099 419 4145 wita:
444 4101 485 4145 ‘at
507 4113 555 4160 any
575 4098 635 4145 time
654 4096 680 4144 in
702 4095 744 4146 the
793 4104 1071 4161 wasacoutemptuous
1086 4098 1218 4148 nickname
1235 4099 1265 4148 of
1279 4100 1370 4148 Brutus

169 4177 256 4212 course
278 4162 308 4211 oi
328 4162 368 4211 his
393 4160 476 4210 whole
504 4159 565 4222 life,’
587 4161 665 4211 hence
692 4161 743 4211 abl.
796 4161 832 4225 (ii.
847 4160 924 4223 nol?
952 4163 997 4210 Dr.
1009 4163 1074 4211 Reid
1085 4163 1169 4212 thinks
1180 4162 1235 4214 that
1246 4165 1289 4214 the
1299 4163 1371 4214 word

169 4225 252 4290 Roby,
266 4231 279 4285 5
294 4228 365 4275 1182.
793 4226 815 4274 is
826 4228 958 4290 corrupted
967 4228 1029 4276 after
1032 4228 1097 4291 pila.
1116 4228 1370 4279 ‘Somewellknown

203 4295 283 4353 volis,
302 4292 371 4355 subj,
382 4291 504 4354 although
520 4295 613 4350 gignit
630 4292 652 4340 is
668 4291 743 4341 indic.
793 4307 851 4339 man
868 4292 890 4340 is
907 4292 1032 4353 intended,
1049 4293 1098 4341 aud
1114 4293 1184 4344 there
1198 4294 1220 4343 is
1234 4311 1267 4344 an
1278 4310 1370 4359 appro·

170 4356 275 4406 because
289 4358 332 4406 the
344 4357 437 4420 subject
449 4357 478 4407 of
489 4358 550 4406 aclis
564 4359 586 4408 is
600 4355 742 4406 indefinite:
793 4357 928 4419 priateness
944 4359 970 4408 in
985 4359 1090 4423 quoting
1099 4365 1151 4409 two
1165 4375 1224 4410 men
1238 4361 1332 4411 known
1344 4376 1372 4411 as

169 4420 252 4486 Roby,
265 4426 278 4482 5
294 4436 364 4486 1544.
793 4420 924 4486 speakers!
