3046 5040
183 373 225 424 20
470 416 471 420 ,
536 357 588 423 M.
614 356 756 419 TULLI
776 356 1029 421 CICERONIS

185 530 301 593 melius
331 527 536 593 adeteriore
563 528 721 593 facultate
750 529 856 613 magis
886 550 987 613 quam
1018 550 1138 611 genere
1168 530 1386 614 distinguitur

184 643 285 716 atque
309 653 408 696 omne
430 632 592 711 laudatur,
614 633 704 715 quod
728 633 761 696 in
785 654 846 697 suo
869 650 990 715 genere
1012 633 1194 716 perfectum
1220 643 1278 712 est,
1300 634 1382 717 quid

184 738 334 813 censetis,
350 738 377 799 si
393 737 509 814 omnis,
524 739 581 819 qui
597 735 720 820 ubique
734 746 812 799 sunt
832 744 889 799 aut
908 736 1039 800 suerunt
1055 747 1210 816 oratores
1226 737 1383 820 amplecti

183 840 391 918 voluerimus,
418 861 529 903 nonne
556 840 633 917 sore,
659 849 705 916 ut,
731 848 814 922 quot
844 849 1002 918 oratores,
1029 841 1169 904 totidem
1200 862 1305 923 paene
1332 861 1383 904 re·

183 945 351 1026 periantur
371 964 494 1028 genera
516 944 673 1009 dicendi?
719 943 775 1007 Ex
802 965 867 1025 qua
892 964 966 1007 mea
992 945 1217 1027 disputatione
1243 945 1411 1014 forsitans

182 1056 333 1111 occurrat
348 1047 438 1126 illud,
459 1048 486 1111 si
504 1068 609 1132 paene
630 1047 886 1111 innumerabiles
907 1047 973 1110 sint
989 1049 1083 1130 quasi
1099 1048 1225 1112 formae
1240 1049 1381 1130 figurae·

183 1171 247 1234 que
270 1152 413 1229 dicendi,
438 1152 548 1234 specie
571 1151 727 1233 dispares,
751 1171 873 1235 genere
899 1149 1091 1227 laudabiles,
1118 1172 1185 1215 non
1209 1172 1307 1234 posse
1333 1172 1383 1231 ea,

184 1276 269 1336 quae
292 1256 377 1318 inter
399 1275 435 1318 se
458 1255 657 1337 discrepant,
680 1255 804 1319 eisdem
828 1256 1013 1337 praeceptis
1036 1265 1137 1337 atque
1160 1275 1226 1318 una
1249 1255 1382 1319 institu-

134 1373 169 1418 35
183 1359 273 1421 tione
289 1358 431 1422 formari.
477 1357 577 1440 Quod
597 1379 664 1420 non
680 1367 731 1422 est
749 1359 804 1432 ita,
820 1358 1141 1441 diligentissimeque
1163 1358 1226 1422 hoc
1249 1369 1301 1422 est
1323 1360 1382 1436 eiS,
1443 1423 1445 1428 ,

182 1463 238 1544 qui
254 1463 431 1526 instituunt
446 1462 574 1544 aliquos
591 1471 691 1543 atque
714 1462 879 1539 erudiunt,
898 1446 1176 1545 videndumsquo
1191 1483 1250 1526 sua
1265 1483 1380 1546 quem·
1398 1486 1431 1522 10

182 1585 247 1648 que
262 1574 380 1629 natura
401 1567 547 1629 maxime
568 1566 652 1630 serre
670 1565 831 1630 videatur.
879 1566 1014 1629 Etenim
1034 1566 1185 1630 videmus
1201 1587 1246 1628 ex
1261 1567 1381 1630 eodem

181 1670 276 1753 quasi
303 1669 382 1732 ludo
412 1669 630 1752 [summorum
660 1669 695 1732 in
725 1691 785 1733 suo
815 1670 972 1752 cuiusque
1001 1689 1122 1752 genere
1152 1668 1315 1733 artificum
1346 1678 1380 1733 et

182 1768 430 1860 magistrorum]
454 1774 563 1837 exisse
586 1772 766 1855 discipulos
789 1771 957 1836 dissimilis
972 1774 1057 1835 inter
1075 1794 1111 1837 se
1127 1794 1166 1836 ac
1181 1782 1292 1837 tamen
1309 1772 1379 1837 lau-

182 1876 321 1951 dandos
342 1896 417 1940 cum
438 1877 480 1939 ad
503 1877 660 1959 cuiusque
678 1885 831 1941 naturam
848 1877 1012 1940 institutio
1027 1877 1173 1940 doctoris
1189 1878 1380 1941 adcommo-

132 1993 169 2039 ao
182 1977 323 2046 daretur.
359 1979 461 2044 Cuius
473 1990 523 2043 est
534 1980 585 2044 vel
599 1981 745 2044 maxime
756 1981 885 2062 insigne
898 1979 979 2043 illud
992 1979 1192 2062 exemplum,
1204 1990 1241 2043 ut
1253 1991 1381 2045 ceteras
1398 2001 1429 2052 15

182 2084 262 2145 artis
292 2084 494 2160 omittamus,
520 2085 611 2167 quod
641 2083 774 2148 dicebat
806 2085 969 2147 Isocrates
992 2084 1110 2146 doctor
1136 2084 1311 2166 singularis
1342 2105 1379 2148 se

182 2184 363 2250 calcaribus
388 2188 420 2249 in
446 2185 592 2268 Ephoro,
618 2196 735 2250 contra
759 2196 871 2251 autem
896 2189 930 2250 in
955 2186 1177 2269 Theopompo
1203 2188 1303 2250 irenis
1331 2189 1380 2252 uti

182 2289 306 2354 solere:
333 2289 472 2353 alterum
489 2290 577 2353 enim
593 2290 818 2355 exsultantem
833 2290 1009 2355 verborum
1025 2290 1164 2356 audacia
1180 2290 1382 2374 reprimebat

181 2393 321 2459 alterum
345 2402 557 2457 cunctantem
578 2405 612 2459 et
630 2395 725 2477 quasi
745 2395 1024 2460 verecundantem
1046 2393 1214 2458 incitabat.
1260 2397 1380 2479 Neque

217 2571 238 2607 1.
249 2560 384 2607 ffioultate
393 2573 477 2615 quam
485 2558 755 2622 genera‘bycapaci-
835 2560 983 2618 artificum,
1002 2555 1167 2623 ‘professors'
1183 2558 1213 2607 os
1225 2559 1267 2607 the
1284 2575 1327 2609 ars
1343 2559 1383 2608 di-

181 2623 372 2687 tyratherthan
387 2620 525 2687 bystyle:'
545 2624 588 2674 the
601 2623 758 2673 criterionof
802 2623 890 2671 cendi:
907 2639 945 2686 cp.
958 2624 974 2671 i.
986 2623 1009 2671 6.
1024 2637 1061 2684 23.
1096 2622 1202 2673 ‘Graeci
1213 2623 1312 2672 dicendi
1323 2625 1382 2673 arti-

182 2688 319 2738 excellence
334 2689 356 2737 is
372 2695 400 2739 to
420 2689 450 2736 be
466 2689 543 2738 found
561 2690 586 2737 in
602 2706 634 2738 an
651 2687 755 2737 orator's
802 2688 892 2737 ficeset
902 2687 1031 2749 doctores,’
1040 2689 1056 2736 i.
1069 2702 1107 2748 3².
1120 2702 1174 2752 145.
1203 2689 1251 2738 But
1264 2691 1309 2744 Dr.
1317 2691 1384 2738 Reid

182 2769 278 2803 success
290 2754 315 2802 in
326 2753 365 2802 his
376 2769 432 2801 own
443 2753 501 2813 line,
514 2760 559 2802 not
574 2755 600 2802 in
615 2754 657 2802 the
667 2753 755 2803 school
802 2753 895 2817 rightly
921 2754 1020 2818 regards
1044 2769 1240 2804 summorum.
1258 2759 1383 2813 ,magia-

181 2828 209 2869 to
220 2819 302 2868 which
314 2819 345 2867 be
357 2818 469 2882 belongs,
802 2824 911 2867 trorum
923 2836 950 2868 as
961 2820 1063 2882 bearing
1073 2835 1146 2882 every
1156 2820 1227 2868 mark
1240 2821 1269 2869 ol
1276 2837 1292 2869 a
1304 2822 1383 2885 gloss,

216 2886 454 2942 aquineenaeria.
463 2898 567 2933 ‚nonne
577 2886 646 2942 fore,
656 2884 756 2945 ‘doyon
803 2884 964 2933 inconsistent
975 2884 1035 2933 with
1050 2885 1092 2933 the
1107 2890 1213 2935 context.
1248 2886 1276 2934 Is
1286 2886 1329 2936 the
1339 2902 1382 2934 ar-

182 2957 226 2999 not
234 2949 448 3013 supposethatthe
456 2946 649 2998 resultwillbel'
662 2948 756 2998 Forthe
802 2949 880 3014 tifices
889 2955 913 2997 et
924 2950 1042 3012 magistri
1051 2965 1092 2998 are
1103 2949 1177 2998 taken
1185 2966 1213 2999 as
1220 2951 1261 2999 tbe
1273 2951 1383 3001 teachers

182 3015 356 3074 construction,
365 3029 404 3078 cp.
413 3015 428 3062 i.
438 3024 468 3077 79
477 3014 565 3078 (note),
575 3013 600 3061 ii.
611 3027 656 3077 193
667 3013 755 3078 (note).
802 3014 829 3063 in
840 3012 882 3063 the
893 3015 976 3069 ludus,
987 3014 1030 3064 the
1040 3014 1121 3078 plnral
1132 3015 1154 3064 is
1165 3015 1345 3080 inexplicable;
1364 3017 1386 3066 ir

180 3081 205 3129 It
217 3080 239 3129 is
250 3096 265 3128 a
276 3079 381 3128 mistake
394 3087 421 3128 to
432 3079 499 3143 print
510 3095 525 3128 a
536 3079 606 3127 mark
618 3079 647 3126 of
655 3079 756 3129 interro·
803 3094 830 3127 as
848 3078 890 3127 the
909 3080 999 3143 pupils,
1018 3095 1056 3128 we
1074 3079 1165 3128 should
1181 3080 1244 3130 have
1261 3082 1382 3147 expected

181 3148 268 3210 gation
278 3145 340 3194 after
349 3144 503 3192 voluerimus
511 3144 570 3193 with
582 3143 631 3192 Ell.
641 3144 690 3192 and
701 3145 756 3194 Pid.
803 3143 886 3193 rather
897 3151 1032 3193 oratomm.

214 3209 238 3261 6.
256 3217 384 3260 occurrat
395 3213 476 3269 illud,
489 3210 543 3259 ‘the
561 3208 683 3272 objection
698 3226 757 3273 may
839 3221 876 3272 15.
894 3213 984 3270 ouius,
1002 3210 1045 3259 ‘oi
1060 3210 1109 3259 this
1126 3210 1176 3259 fact
1187 3209 1205 3260 ι’
1228 3228 1267 3276 cp.
1284 3211 1381 3277 Sandys

182 3282 283 3340 suggest
293 3272 376 3324 itseli’
803 3290 836 3323 on
847 3274 915 3324 Orat.
931 3277 967 3325 18.
982 3277 1022 3336 58.

214 3345 321 3390 formae
338 3344 507 3401 firmaeque,
524 3341 605 3391 ‘ideal
625 3341 714 3404 types,’
731 3340 756 3389 ii.
839 3339 877 3388 16.
894 3344 971 3398 quod
980 3343 1333 3397 dicebatIsoerateszssrut.
1342 3342 1382 3406 56,
1465 3396 1468 3402 ,

182 3408 214 3470 98
228 3406 320 3469 (υοῒε)ε
342 3406 438 3470 Sandys
453 3422 485 3454 on
502 3406 570 3455 Orat.
586 3420 606 3455 1.
621 3421 641 3454 a.
667 3405 758 3468 forma
807 3407 949 3468 204‘quare
957 3405 1004 3455 hoc
1012 3407 1120 3456 doctoris
1129 3406 1295 3470 intellegentis
1304 3414 1341 3456 est
1349 3409 1383 3456 vi·

181 3473 231 3522 and
256 3472 344 3536 species
371 3488 412 3520 are
438 3472 583 3535 practically
608 3470 757 3535 equivalent.
805 3471 869 3529 dere,
882 3485 932 3534 quo
944 3470 1005 3519 ierat
1015 3480 1101 3520 natura
1113 3488 1158 3521 sna
1172 3487 1304 3536 quemque,
1316 3479 1342 3522 et
1353 3489 1384 3522 ea

217 3550 239 3597 7.
249 3552 358 3594 genere.
372 3537 448 3586 ‘each
460 3538 485 3584 in
498 3537 530 3584 its
542 3553 597 3585 own
608 3534 681 3600 way.’
805 3535 868 3584 duce
879 3542 987 3584 utentem
999 3537 1035 3585 sic
1043 3538 1167 3586 instituere
1175 3545 1202 3586 ut
1210 3539 1345 3587 Isocratem
1356 3539 1383 3586 in

216 3605 239 3652 8.
245 3605 418 3659 discrepant:
429 3618 456 3650 so
462 3600 759 3650 tbeMSS.:Bakewonld
806 3600 923 3649 aoerrimo
935 3600 1033 3664 ingenio
1044 3602 1202 3666 Theopompi
1216 3610 1240 3652 et
1255 3603 1383 3653 lenissimo

182 3669 311 3719 substitute
323 3667 365 3715 the
376 3667 543 3728 subjunctive;
558 3668 602 3717 but
613 3668 655 3717 the
666 3667 759 3715 indica·
806 3665 901 3728 Ephori
916 3665 1006 3714 dixisse
1020 3667 1139 3716 traditum
1150 3674 1195 3727 est,
1211 3667 1283 3716 alteri
1294 3685 1320 3718 se
1332 3669 1383 3719 cal-

182 3735 231 3784 tive
245 3734 266 3782 is
281 3731 389 3794 justified
404 3748 464 3781 even
480 3732 505 3780 in
521 3748 556 3780 or.
570 3733 620 3782 obl.
634 3733 705 3780 when
717 3732 758 3780 the
805 3730 871 3780 caria
882 3730 1004 3790 adhibere,
1019 3732 1089 3781 alteri
1102 3731 1198 3781 frenos?
1227 3734 1275 3797 Cp.
1287 3734 1319 3782 ad
1329 3735 1383 3785 Att.

183 3799 284 3849 relative
302 3799 384 3847 clause
396 3797 417 3845 is
432 3797 490 3860 only
501 3813 516 3844 a
532 3797 679 3861 periphrasis
695 3797 732 3845 for
744 3812 759 3844 a
806 3796 838 3845 vi.
853 3809 874 3843 1.
887 3810 916 3859 9;
929 3796 954 3844 ii.
969 3810 1006 3857 13.
1021 3808 1059 3861 57.
1082 3799 1223 3861 Quintilian
1234 3807 1332 3862 repeats
1341 3799 1384 3848 the

182 3866 263 3992 alil
279 3862 548 3992 &paquara
563 3868 574 3921 ⁵
589 3862 644 3926 ³⁶⁹’
661 3864 713 3912 ‘³¹³⁵‘
729 3874 758 3922 ¹³
805 3860 1202 3977 ffliigriiiililakhiii'n
1217 3933 1385 3994 mamm

218 3967 266 4045 10.’
275 3998 439 4053 videndum,
462 3998 509 4042 etc.
530 3995 571 4041 ‘to
594 3993 695 4042 observe
716 3992 759 4042 the
805 3992 830 4040 in
843 4007 892 4055 quo
903 3991 1023 4041 exsultare
1034 3995 1112 4056 possit
1124 3993 1229 4044 oratio:’
1241 3996 1311 4045 Orat.
1319 3997 1342 4044 8.
1354 3995 1385 4049 26,

182 4060 280 4109 natural
292 4059 442 4123 proclivities
453 4058 529 4107 olbis
540 4058 638 4107 various
650 4056 746 4122 pupils'
806 4058 846 4104 ‘in
873 4056 974 4120 reliquis
996 4059 1128 4108 exsultavit
1154 4059 1290 4110 audacius)
1329 4060 1386 4110 ΤΙιε

218 4140 255 4175 12.
264 4129 356 4184 ludus,
364 4125 472 4182 thcterm
480 4138 570 4190 proner
577 4123 758 4186 foratraining-
805 4121 964 4184 metaphoris
975 4123 1049 4171 taken
1060 4124 1123 4172 sronr
1135 4141 1150 4173 a
1161 4123 1222 4188 fiery
1233 4127 1310 4174 horse.

182 4191 269 4241 school
288 4191 318 4240 of
330 4189 442 4238 children
458 4205 487 4237 or
502 4190 532 4237 of
546 4190 689 4252 gladiators‚
709 4187 759 4236 had
842 4199 879 4249 19.
897 4193 1149 4238 verecundantem:
1167 4190 1272 4251 NoniuS,
1287 4207 1311 4254 p.
1325 4192 1385 4253 480,

182 4257 271 4320 hardly
279 4258 381 4306 become
390 4254 536 4317 sufficiently
547 4254 618 4303 usual
630 4254 659 4303 ol
664 4261 759 4301 orators
806 4258 893 4315 quotes
905 4267 951 4300 one
962 4253 1071 4302 instance
1083 4255 1111 4304 os
1119 4257 1286 4305 verecundari
1293 4258 1359 4306 from
1370 4272 1386 4305 a

182 4317 759 4384 tobeusedalwayswithoutakindorapology‚
807 4317 929 4380 fragment
948 4317 977 4366 os
992 4319 1097 4369 Cicero:
1122 4336 1162 4384 cp.
1175 4320 1200 4367 ii.
1220 4336 1285 4386 ²49³
1302 4323 1386 4372 Plaut.

182 4388 278 4451 though
291 4388 380 4436 Cicero
395 4386 456 4435 does
471 4401 500 4433 so
516 4400 559 4433 nse
575 4385 594 4433 it
609 4384 635 4433 in
652 4385 677 4432 ii.
690 4397 723 4447 94
734 4382 764 4430 ol
807 4380 876 4431 Trin.
899 4391 947 4445 447
971 4385 1147 4434 ‘verecundari
1169 4387 1295 4437 neminem
1318 4389 1389 4453 apud

182 4454 224 4503 the
237 4450 355 4503 ‘school'
367 4451 396 4501 of
408 4452 535 4502 Isocrates.
807 4462 917 4496 mensam
928 4447 1016 4499 decet.’
