3046 5040
202 381 242 428 10
550 365 600 426 M.
627 363 770 424 TULLI
791 359 1043 428 CICERONIS

199 535 343 599 virorum
359 555 412 598 me
426 543 557 617 'semper
571 534 615 598 ab
627 535 716 598 omni
728 535 941 598 contentione
953 555 991 598 ac
1003 532 1216 598 dimicatione
1228 531 1396 598 revocasti.

154 652 188 697 14
202 639 269 704 Sed
293 640 449 720 quoniam
472 639 552 701 haec
577 640 641 701 iam
666 658 773 719 neque
796 638 829 700 in
853 639 982 720 integro
1005 639 1101 702 nobis
1123 658 1194 701 esse
1210 648 1348 720 possunt
1363 648 1398 701 et

200 743 321 805 summi
336 741 466 805 labores
488 742 589 805 nostri
611 762 731 823 magna
752 743 955 823 compensati
978 741 1083 824 gloria
1105 741 1308 822 mitigantur,
1324 761 1398 823 per-

199 866 317 927 gamus
335 846 378 909 ad
398 866 437 910 ea
457 845 587 921 solacia,
608 865 693 926 quae
712 862 778 908 non
799 846 900 908 modo
919 847 1043 908 sedatis
1065 844 1222 908 molestiis
1247 845 1398 918 iucunda,

199 949 258 1012 'sed
274 950 373 1012 etiam
389 948 600 1013 haerentibus
614 948 770 1012 salutaria
786 948 880 1012 nobis
902 968 974 1011 esse
994 949 1130 1030 possint,
1146 967 1398 1028 sermonemque
1412 972 1425 1020 5

201 1051 239 1116 L.
264 1050 375 1115 Crassi
399 1052 559 1134 reliquum
584 1072 623 1114 ac
650 1071 757 1133 paene
780 1062 984 1133 postremum
1008 1052 1187 1114 memoriae
1210 1051 1398 1132 prodamus,

199 1164 300 1236 atque
329 1155 368 1232 ei,
395 1156 422 1218 si
452 1175 662 1237 nequaquam
692 1176 805 1237 parem
836 1155 921 1217 illius
952 1155 1092 1236 ingenio,
1123 1164 1158 1217 at
1191 1173 1252 1237 pro
1285 1162 1399 1216 nostro

154 1275 186 1322 15
199 1267 311 1323 tamen
335 1258 445 1323 studio
469 1260 619 1323 meritam
641 1260 782 1342 gratiam
809 1258 1023 1340 debitamque
1048 1257 1235 1321 referamus.
1280 1257 1399 1338 Neque

199 1360 288 1424 enim
304 1362 478 1443 quisquam
493 1372 654 1437 nostrum,
670 1382 746 1425 cum
762 1361 864 1425 libros
879 1361 1027 1425 Platonis
1049 1361 1242 1424 mirabiliter
1257 1361 1398 1442 scriptos

200 1464 289 1547 legit,
313 1466 346 1527 in
370 1466 491 1547 quibus
514 1466 667 1529 omnibus
690 1464 755 1528 fere
781 1464 934 1528 Socrates
957 1464 1165 1546 exprimitur,
1188 1484 1266 1541 non,
1282 1484 1399 1545 quam·
1416 1487 1446 1519 10

200 1588 301 1650 quam
325 1568 380 1631 illa
402 1569 525 1650 scripta
548 1578 623 1632 sunt
646 1569 812 1645 divinitus,
830 1577 943 1632 tamen
964 1569 1070 1631 maius
1089 1568 1250 1649 quiddam
1270 1568 1312 1630 de
1333 1565 1399 1644 illo,

200 1672 243 1736 de
258 1691 325 1752 quo
340 1671 463 1753 scripta
483 1681 569 1750 sunt,
587 1673 792 1754 suspicatur;
816 1672 906 1753 quod
927 1673 1007 1734 item
1026 1693 1086 1737 nos
1107 1671 1314 1753 postulamus
1334 1691 1400 1733 non

200 1794 221 1838 a
242 1784 276 1837 te
297 1774 442 1856 quidem,
458 1775 515 1856 qui
533 1775 629 1839 nobis
648 1775 760 1839 omnia
777 1794 907 1838 summa
929 1776 1056 1853 tribuiS,
1074 1776 1132 1839 sed
1151 1796 1171 1838 a
1194 1773 1319 1850 ceteris,
1342 1774 1399 1855 qui

201 1876 282 1941 haec
306 1878 339 1939 in
362 1897 480 1944 manus
503 1888 645 1955 sument,
668 1879 774 1955 maius
797 1888 835 1942 ut
857 1878 1018 1959 quiddam
1038 1880 1079 1941 de
1094 1878 1134 1941 L.
1152 1876 1280 1952 crasso,
1299 1897 1399 1959 quam

154 1997 188 2044 16
201 1989 362 2062 quantum
385 2001 406 2042 a
428 1982 525 2046 nobis
543 1982 756 2064 exprimetur,
780 1982 995 2063 suspicentur.
1040 1983 1112 2044 Nos
1138 1980 1235 2057 enim,
1257 1981 1315 2062 qui
1338 1980 1399 2062 ipsi
1416 2000 1446 2048 15

201 2083 343 2147 sermoni
368 2104 434 2147 non
460 2083 722 2148 interfuissemus
751 2095 786 2149 et
815 2085 935 2166 quibus
966 2084 1003 2149 C.
1035 2083 1135 2148 Cotta
1165 2083 1399 2147 tantummodo

201 2185 292 2251 locos
307 2207 346 2250 ac
362 2188 541 2250 sententias
558 2186 655 2251 huius
675 2189 910 2271 disputationis
930 2188 1131 2264 tradidisset,
1146 2207 1213 2268 quo
1233 2188 1265 2249 in
1280 2207 1400 2270 genere

219 2324 241 2364 a.
253 2313 525 2379 possintM(excepris
536 2314 657 2378 npKS:
672 2316 842 2379 possuntrP.
930 2325 952 2378 7.
969 2316 1040 2365 siM
1045 2314 1077 2364 S:
1093 2314 1232 2364 etsirKP.
1312 2326 1350 2377 15·
1367 2327 1384 2361 a

642 2381 711 2432 nobis
722 2397 772 2431 om.
784 2383 821 2430 M
826 2398 833 2430 r
848 2380 908 2432 incl.
921 2381 955 2431 K.

201 2509 254 2544 esse
261 2509 430 2558 rogeremque,
437 2502 464 2545 ut
470 2503 495 2545 et
501 2495 628 2547 hominem
636 2503 662 2548 te
669 2497 778 2546 etrirum
824 2496 863 2544 his
879 2512 936 2544 own
953 2497 1036 2545 action
1056 2496 1106 2544 had
1125 2494 1224 2559 already
1238 2493 1343 2544 decided
1358 2494 1400 2543 the

202 2559 378 2618 meminisses3'
396 2561 429 2608 ad
441 2561 525 2624 Quint.
538 2562 579 2611 Fr.
591 2563 617 2613 ii.
630 2577 652 2628 9.
663 2563 778 2624 3‘virum
825 2560 953 2627 question:
976 2577 1015 2625 cp.
1032 2561 1059 2609 in
1076 2562 1145 2610 Verr.
1158 2561 1183 2610 ii.
1193 2574 1236 2624 40.
1253 2570 1285 2624 97
1303 2558 1352 2608 and
1368 2561 1400 2626 98

201 2633 227 2675 te
237 2625 340 2689 putabo,
349 2626 370 2674 si
383 2624 493 2675 Sallustii
502 2628 670 2691 Empedoclea
680 2627 777 2690 legeris,
826 2631 895 2676 ‘cum
901 2628 947 2676 tibi
956 2627 981 2674 in
990 2627 1086 2689 integro
1090 2633 1142 2675 tota
1148 2642 1185 2674 res
1194 2625 1280 2684 esset;’
1289 2625 1322 2673 ad
1330 2625 1400 2674 Fam.

203 2691 328 2739 bominem
336 2706 387 2739 non
395 2691 504 2754 putabo'
530 2692 631 2742 Ellendt
639 2693 684 2742 has
693 2693 778 2741 shown
824 2708 847 2740 v.
866 2706 903 2751 20,
923 2703 936 2755 7
954 2693 1001 2740 ‘de
1018 2691 1200 2740 centurionibus
1212 2726 1218 2739 .
1231 2726 1237 2740 .
1250 2727 1256 2739 .
1268 2706 1305 2738 res
1322 2698 1358 2738 est
1375 2692 1401 2738 in

203 2756 230 2804 in
240 2756 280 2804 his
292 2763 349 2804 note
361 2754 417 2804 here
429 2757 482 2805 that
497 2757 633 2822 frequently
645 2758 687 2807 the
697 2757 779 2806 words
825 2754 937 2820 integro)
961 2757 1016 2806 The
1027 2757 1127 2806 inferior
1136 2756 1208 2805 MSS.
1220 2756 1283 2805 have
1294 2756 1401 2819 integra,

203 2836 245 2871 are
256 2820 317 2869 used
328 2821 388 2869 with
400 2837 432 2870 no
444 2821 511 2870 clear
521 2821 650 2873 difference
659 2824 685 2872 in
697 2838 779 2871 mean·
825 2823 907 2871 which
918 2823 940 2870 is
951 2837 1020 2871 more
1030 2822 1101 2870 usual
1110 2823 1135 2870 in
1143 2823 1238 2872 Cicero.
1251 2822 1298 2885 Cp.
1308 2820 1402 2869 Krebs·

203 2885 256 2949 ing.
291 2887 339 2934 But
355 2901 423 2934 more
439 2887 592 2951 commonly,
603 2904 631 2937 as
646 2888 678 2938 he
691 2903 780 2952 proves
825 2887 946 2947 Schmalz,
955 2888 1042 2937 Antib.
1050 2888 1066 2936 i.
1075 2904 1099 2951 p.
1109 2887 1165 2951 697,
1174 2887 1223 2936 and
1230 2886 1360 2950 Landgraf
1368 2901 1402 2934 on

205 2952 237 3014 by
252 2967 267 3000 a
283 2950 351 3014 large
368 2951 500 3001 collection
513 2953 543 3000 oi
556 2954 684 3012 instances,
700 2969 715 3001 a
730 2953 779 3001 dis·
826 2953 923 3015 Reisig,
937 2969 963 3016 p.
978 2953 1033 3012 160,
1045 2960 1103 3001 note
1116 2951 1171 3016 396.

204 3017 308 3065 tinction
325 3032 371 3064 can
387 3017 417 3064 be
434 3018 525 3078 drawn,
543 3018 613 3068 homo
630 3020 704 3084 being
721 3018 780 3067 used
859 3031 882 3080 5.
894 3019 1187 3076 haerentibus,‘while
1198 3018 1256 3080 they
1267 3015 1320 3065 still
1334 3014 1403 3080 cling

205 3097 274 3130 more
286 3081 311 3129 in
322 3082 459 3130 connexion
471 3083 531 3131 with
544 3084 602 3146 gifts
614 3084 643 3132 of
655 3093 740 3135 nature
751 3099 780 3131 or
826 3080 914 3133 tous?
926 3083 989 3132 Phil.
998 3084 1022 3131 ii.
1033 3082 1111 3145 26.64
1121 3083 1220 3131 ‘infixus
1229 3082 1312 3132 haeret
1318 3081 1403 3130 animo

205 3146 308 3206 fortune,
319 3146 363 3194 vir
373 3146 434 3194 with
446 3148 568 3210 qualities,
578 3149 712 3214 especially
720 3148 780 3198 such
826 3147 913 3198 dolor.’
948 3148 1046 3212 [animo
1061 3149 1082 3196 is
1099 3148 1191 3197 almost
1205 3163 1339 3210 necessary,
1353 3147 1403 3194 and

205 3227 233 3264 as
249 3227 320 3260 come
337 3217 381 3259 ont
398 3211 423 3260 in
439 3213 525 3275 public
540 3214 591 3263 life.
626 3215 712 3265 Hence
729 3214 782 3262 ‘vir
826 3215 852 3263 in
869 3215 901 3264 its
918 3215 1059 3264 contracted
1076 3215 1140 3262 form
1155 3214 1236 3277 might
1252 3212 1328 3276 easily
1339 3212 1403 3260 bave

205 3276 370 3328 clarissimns’
388 3277 410 3324 is
433 3278 470 3326 far
492 3294 560 3328 more
582 3296 698 3329 common
721 3280 781 3329 than
826 3281 888 3329 been
900 3279 949 3328 lost
961 3279 1022 3328 aster
1032 3280 1116 3339 etiam,
1129 3279 1152 3343 J.
1165 3278 1190 3328 S.
1205 3278 1257 3342 R.].

207 3342 300 3390 ‘homo
322 3341 486 3392 clarissimus’
530 3346 577 3408 Cp.
600 3346 715 3395 however
735 3360 781 3409 pro
862 3355 885 3408 7.
902 3349 927 3394 si
938 3346 959 3394 is
967 3345 1046 3394 better
1057 3344 1199 3409 supported,
1218 3343 1268 3392 and
1288 3343 1309 3391 is
1328 3342 1404 3391 much

206 3408 280 3485 Rosc.
301 3407 359 3456 Am.
374 3410 419 3484 ¹18,
434 3422 466 3492 ‚51
484 3411 590 3459 ‘summi
608 3413 653 3460 riri
675 3409 781 3496 plerissi·
827 3411 905 3460 better
920 3411 945 3458 in
962 3410 1031 3460 itself
1039 3410 1099 3458 than
1115 3409 1156 3458 the
1173 3409 1217 3458 old
1232 3408 1334 3471 reading
1349 3407 1402 3457 etsi.

206 3472 783 3605 lhqihlilllffallthdlldihllslitei
828 3473 1348 3602 0P10Pdlt3itlrtilttt.ttrtas.
1358 3538 1404 3586 aa

207 3605 232 3654 in
244 3604 381 3654 connexion
395 3605 455 3653 with
467 3604 516 3654 bad
527 3607 656 3670 qualities:
675 3622 696 3656 e.
701 3623 725 3670 g.
737 3621 784 3671 pro
829 3606 850 3655 is
861 3606 929 3669 quite
941 3621 1068 3668 necessary
1075 3612 1102 3654 to
1111 3606 1153 3655 the
1161 3620 1242 3654 sense:
1256 3606 1347 3653 ‘forno
1356 3619 1404 3653 one

207 3671 269 3720 Sest.
292 3671 324 3734 89
344 3671 466 3719 ‘cervices
487 3671 599 3720 tribunus
622 3672 656 3736 pl.
678 3673 783 3736 privato,
830 3671 859 3721 of
867 3687 896 3719 us
909 3707 915 3720 .
927 3703 933 3719 .
946 3708 952 3722 .
964 3671 1021 3720 falls
1028 3679 1055 3719 to
1064 3670 1127 3718 form
1138 3686 1207 3720 some
1219 3670 1307 3733 higher
1317 3667 1392 3718 idea.’

207 3734 429 3801 praestantissimus
436 3736 474 3784 vir
480 3737 682 3800 profligatissimo
690 3736 784 3786 homini
863 3739 1037 3794 exprimitur,
1057 3738 1069 3793 5
1082 3746 1113 3799 47
1124 3753 1130 3786 ε
1143 3736 1170 3784 ii.
1180 3748 1220 3799 90,
1227 3736 1295 3784 Orat
1305 3747 1334 3796 3:
1351 3732 1405 3781 ‘al-

208 3799 293 3850 deret'
328 3800 416 3850 Hence
435 3802 455 3850 it
474 3803 635 3866 corresponds
653 3803 739 3867 nearly
757 3809 784 3850 to
830 3809 896 3851 most
907 3801 977 3850 allos
985 3801 1066 3850 which
1073 3800 1293 3865 giveapictureoi
1301 3796 1334 3848 S.'
1356 3799 1405 3862 Cp.

208 3881 254 3915 our
266 3863 383 3929 ‘person’
406 3866 454 3930 Cp.
466 3867 529 3915 Phil.
542 3867 590 3916 xiv.
604 3869 650 3928 3.8
665 3869 785 3932 ‘optimos
830 3865 942 3932 Jowett’s
956 3864 1159 3916 ‘Introduction’
1177 3872 1204 3913 to
1224 3865 1267 3914 the
1286 3865 1359 3914 Laws
1378 3865 1409 3913 oi

208 3932 274 3980 viros
301 3930 533 3996 honestissimosque
565 3932 710 3984 homines:’
738 3948 784 3996 pro
831 3933 911 3989 Plato,
924 3932 972 3981 vol.
984 3949 1006 3980 v.
1019 3948 1043 3996 p.
1053 3945 1075 3994 5.

209 3996 414 4058 Cluent.49,136
425 4000 492 4047 ‘cum
503 4000 540 4046 rir
551 4001 661 4062 optimus
671 4005 697 4048 et
708 3997 785 4046 homo
866 4011 903 4048 11.
916 4001 975 4058 illu,
987 3997 1029 4046 i.e.
1041 3998 1083 4045 the
1094 4003 1207 4046 contenta
1215 3996 1244 4045 of
1252 3996 1294 4044 the
1306 3993 1394 4044 books.

208 4061 422 4111 innocentissimus
433 4063 537 4129 pecunia
545 4063 724 4114 circumventus
732 4079 785 4113 esse
866 4076 904 4112 12.
916 4067 992 4120 quod
1003 4067 1080 4121 item,
1094 4062 1258 4124 anticipatory
1266 4060 1295 4109 oi
1304 4060 1354 4108 and
1365 4075 1406 4108 ex·

208 4125 348 4176 diceretur)
382 4129 527 4178 Fausseton
540 4129 638 4178 Cluent.
652 4131 717 4193 28.y
746 4144 785 4178 ac·
831 4129 1246 4193 plainedbyut..suspioentur:
1261 4124 1406 4174 ‘andIalso

209 4200 279 4256 cepts
295 4192 419 4242 Ellendt’s
435 4194 588 4251 distinction,
606 4195 649 4244 but
665 4211 703 4260 cp.
721 4139 786 4245 hein
831 4193 906 4243 make
914 4191 1080 4257 thisrequest.'
1093 4193 1180 4242 Cicero
1184 4190 1407 4256 jestinglyimplies

209 4273 243 4306 on
254 4273 300 4322 pro
311 4256 386 4307 Arch.
401 4257 437 4309 16.
832 4259 887 4308 that
901 4259 939 4307 his
956 4258 1055 4307 brother
1070 4258 1092 4306 is
1106 4257 1262 4307 accustomed
1279 4265 1305 4305 to
1318 4256 1408 4318 regard

245 4336 267 4371 a.
280 4337 371 4380 neque
383 4323 474 4373 should
485 4324 580 4388 strictly
592 4325 654 4374 have
665 4323 787 4389 preceded
832 4324 885 4373 him
895 4340 922 4372 as
929 4324 1046 4388 periectly
1053 4322 1184 4373 successful
1192 4324 1217 4371 in
1225 4321 1260 4371 all
1269 4321 1307 4369 his
1314 4321 1407 4371 efforts.

210 4391 296 4439 haee:
314 4389 393 4453 opii.
408 4389 461 4451 264
867 4399 904 4452 17.
922 4393 1008 4449 locos,
1029 4390 1044 4437 i.
1053 4405 1074 4438 e.
1093 4388 1193 4452 general
1212 4388 1274 4436 lines
1294 4386 1323 4434 oi
1337 4401 1410 4448 argu-

242 4455 275 4503 ln
299 4457 421 4516 intecto,
436 4458 561 4506 ‘amatter
570 4456 599 4505 of
609 4454 659 4506 free
676 4452 786 4516 ehoice3’
833 4463 918 4506 ment:
934 4470 974 4519 cp.
986 4456 1002 4502 i.
1016 4465 1038 4520 7.
1053 4452 1090 4516 26,
1103 4453 1152 4503 und
1163 4453 1180 4509 i.
1195 4466 1232 4516 13.
1245 4451 1276 4517 56
1290 4452 1345 4517 (not
1359 4450 1382 4514 ).
