3046 5040
560 375 629 434 DE
651 373 873 435 ORATORE
889 373 959 436 III.
1300 391 1358 436 101

162 544 284 627 dispari
313 554 405 608 motu
432 565 594 626 cursuque
619 543 804 609 conficiant,
856 546 951 609 Haec
977 554 1105 609 tantam
1131 544 1256 608 habent
1280 546 1360 622 vim,
1373 559 1424 608 179

163 647 297 728 paulum
309 659 345 713 ut
358 649 533 712 immutata
545 648 720 713 cohaerere
732 669 798 711 non
810 649 946 730 possint,
956 658 1083 712 tantam
1095 648 1360 730 pulcritudinem,

163 762 201 816 ut
216 750 305 816 nulla
321 753 446 835 species
461 773 503 814 ne
518 751 654 834 cogitari
666 753 799 835 quidem
813 753 917 835 possit
930 753 1085 816 ornatior.
1125 751 1260 815 Referte
1276 772 1361 815 nunc

163 857 310 918 animum
330 859 372 920 ad
394 856 566 919 hominum
584 857 636 920 vel
656 857 757 920 etiam
779 865 962 920 ceterarum
983 857 1200 919 animantium
1221 857 1360 919 formam

133 984 147 1032 5
164 968 198 1022 et
213 959 363 1042 figuram.
410 959 546 1022 Nullam
563 970 692 1042 partem
709 961 855 1041 corporis
874 961 944 1022 sine
959 959 1072 1042 aliqua
1090 959 1286 1022 necessitate
1301 960 1361 1021 ad-

163 1061 274 1125 fictam
302 1072 473 1144 totamque
502 1063 642 1125 formam
669 1063 763 1144 quasi
790 1064 966 1145 perfectam
995 1063 1163 1145 reperietis
1189 1071 1269 1126 arte.
1294 1081 1360 1124 non

162 1186 251 1228 casu.
296 1165 386 1247 Quid
400 1167 432 1228 in
449 1165 643 1229 arboribus?
671 1166 703 1228 in
719 1167 839 1248 quibus
855 1186 921 1228 non
941 1175 1084 1242 truncus,
1100 1185 1166 1228 non
1183 1167 1276 1242 rami,
1293 1186 1359 1228 non
1374 1162 1429 1228 46

162 1268 241 1333 folia
264 1278 341 1332 sunt
363 1270 507 1351 denique
531 1269 593 1331 nisi
618 1271 660 1332 ad
686 1290 780 1332 suam
803 1269 1009 1333 retinendam
1034 1271 1361 1351 conservandamque

163 1382 323 1450 naturam,
364 1392 525 1455 nusquam
556 1382 669 1436 tamen
700 1382 750 1436 est
780 1372 846 1436 ulla
877 1393 953 1454 pars
984 1372 1046 1435 nisi
1075 1381 1226 1436 venusta.
1283 1371 1428 1433 Lin·1eo

119 1499 150 1532 ιο
163 1497 303 1558 quamus
318 1487 470 1540 naturam
486 1477 633 1559 artisque
647 1477 827 1540 videamus
860 1475 950 1557 Quid
968 1477 1083 1539 tamin
1097 1475 1228 1559 navigio
1244 1494 1359 1538 neces·

162 1581 284 1644 sarium
303 1600 402 1662 quam
423 1579 537 1656 latera,
554 1600 654 1661 quam
676 1600 844 1657 cavernae,
860 1601 960 1662 quam
983 1600 1089 1661 prora,
1106 1599 1206 1661 quam
1227 1579 1359 1661 puppis,

163 1704 263 1765 quam
298 1693 471 1758 antennae,
501 1703 601 1764 quam
632 1682 715 1760 vela,
746 1704 847 1766 quam
879 1683 980 1746 mali?
1017 1703 1103 1764 quae
1133 1691 1245 1745 tamen
1275 1682 1361 1746 hanc

162 1787 286 1850 habent
311 1787 344 1849 in
368 1786 478 1868 specie
500 1796 719 1864 venustatem,
738 1796 775 1850 ut
801 1806 868 1848 non
893 1787 1001 1849 solum
1026 1786 1152 1862 salutis,
1176 1786 1233 1848 sed
1259 1786 1360 1848 etiam

162 1891 343 1973 voluptatis
369 1910 468 1954 causa
491 1890 627 1953 inventa
654 1911 725 1954 esse
744 1891 927 1954 videantur.
974 1890 1157 1955 Columnae
1178 1890 1303 1970 templa
1327 1899 1360 1952 et

119 2014 148 2062 Ι5
164 1996 309 2078 porticus
326 1994 510 2070 sustinent3
530 2003 643 2082 tamen
659 1994 783 2057 habent
799 2012 866 2057 non
881 1993 956 2075 plus
972 1992 1122 2056 utilitatis
1139 2013 1239 2073 quam
1256 1993 1361 2074 digni-

163 2099 258 2162 tatis:
280 2096 425 2180 Capitoli
442 2095 610 2179 fastigium
628 2096 709 2160 illud
725 2106 758 2160 et
773 2106 954 2160 ceterarum
968 2096 1101 2160 aedium
1114 2116 1181 2159 non
1193 2106 1360 2172 venustas,

163 2203 221 2266 sed
242 2202 418 2265 necessitas
439 2201 510 2282 ipsa
533 2200 690 2264 fabricata
713 2210 782 2277 est;
810 2221 896 2275 nam,
919 2220 994 2262 cum
1018 2208 1104 2262 esset
1126 2198 1241 2262 habita
1264 2199 1360 2275 ratio,

161 2325 260 2389 quem
275 2304 470 2367 admodum
491 2324 536 2366 ex
558 2313 697 2386 utraque
715 2304 795 2366 tecti
816 2311 910 2385 parte
931 2323 1018 2385 aqua
1037 2302 1256 2376 delaberetur,
1274 2302 1362 2365 utili-

161 2419 266 2474 tatem
281 2407 399 2490 templi
415 2407 538 2488 fastigii
554 2407 700 2489 dignitas
715 2417 892 2471 consecuta
912 2415 982 2481 est;
1005 2416 1049 2480 ut,
1065 2407 1195 2469 etiamsi
1215 2406 1248 2467 in
1270 2404 1362 2468 caelo

118 2539 149 2573 ιο
163 2511 365 2597 Capitolium
389 2519 595 2586 statueretur,
616 2511 671 2573 ubi
694 2511 798 2574 imber
820 2531 892 2575 esse
915 2531 981 2573 non
1004 2519 1126 2591 posset,
1144 2507 1268 2572 nullam
1291 2509 1362 2572 sine

161 2616 294 2700 fastigio
315 2615 511 2696 dignitatem
532 2613 723 2676 habiturum
745 2613 844 2678 fuisse
861 2614 1021 2677 videatur.
1068 2613 1142 2676 Hoc
1159 2613 1192 2674 in
1207 2612 1361 2674 omnibus
1374 2624 1423 2669 181

164 2721 243 2784 item
260 2719 410 2800 partibus
426 2719 583 2780 orationis
595 2719 713 2792 evenit,
728 2729 764 2782 ut
776 2718 954 2782 utilitatem
966 2737 1005 2780 ac
1017 2737 1121 2799 prope
1132 2717 1360 2780 necessitatem

162 2823 307 2889 suavitas
331 2821 495 2904 quaedam
519 2831 552 2884 et
577 2820 668 2903 lepos
692 2830 931 2904 consequatur3
964 2820 1126 2885 clausulas
1149 2821 1237 2884 enim
1260 2831 1362 2903 atque

179 2984 202 3034 5.
219 2967 335 3034 adfictam
348 2967 430 3016 redd.
463 2967 584 3032 adfectam
595 2969 632 3018 M
638 2970 678 3018 Fr.
747 2980 767 3032 7.
786 2970 816 3017 in
827 2969 862 3019 cis
872 2969 1002 3018 arbm'bus
1012 2970 1049 3018 M
1057 2969 1097 3017 Fr.
1166 2981 1202 3033 14.
1220 2974 1244 3017 et
1255 2969 1346 3032 tenpla

218 3050 235 3085 s
244 3036 279 3084 P:
297 3033 388 3096 templa
400 3034 436 3080 M
443 3033 487 3082 KS
502 3033 542 3082 Fr.
627 3045 664 3098 17.
682 3050 743 3083 nam
755 3041 910 3084 cumessam
922 3036 941 3083 Ρ
954 3035 994 3084 Fr.
1005 3051 1011 3084 ε
1029 3042 1180 3083 tamencum
1192 3041 1251 3084 essct
1261 3034 1313 3083 KS.

161 3169 226 3218 their
234 3165 371 3216 revolution
379 3165 446 3214 thus:
457 3164 545 3214 Satum
552 3166 639 3230 (thirty
646 3165 736 3230 years),
787 3173 931 3230 uterumque
940 3173 1035 3215 armato
1048 3166 1126 3214 milite
1137 3162 1273 3229 complent’
1283 3164 1312 3213 of
1320 3163 1362 3214 the

160 3235 258 3300 Jupiter
284 3231 383 3294 (twelve
408 3229 497 3294 years),
525 3231 594 3280 Mars
624 3234 737 3296 (twenty
786 3232 881 3281 hollow
898 3231 977 3280 inside
996 3231 1038 3280 the
1057 3231 1148 3293 Trojan
1169 3231 1257 3289 horse;
1281 3231 1363 3279 where

162 3301 217 3349 four
228 3297 335 3356 months
348 3298 384 3345 six
398 3297 479 3360 days),
492 3297 607 3360 Mercury
620 3299 646 3361 (a
657 3302 735 3359 year),
787 3298 884 3347 Servius
897 3304 981 3345 notes:
1002 3295 1058 3345 ‘alii
1069 3296 1144 3345 fustes
1155 3311 1243 3346 curvos
1252 3296 1360 3355 navium,

162 3366 247 3414 Venus
265 3366 291 3425 (a
308 3361 393 3426 year):
416 3362 448 3410 he
464 3363 485 3410 is
500 3378 558 3425 very
570 3363 607 3411 far
620 3369 665 3410 out
676 3363 737 3411 with
787 3363 875 3424 quibus
890 3363 1038 3410 extrinsecus
1049 3361 1150 3410 tabulae
1164 3361 1312 3422 adfiguntur,
1323 3376 1361 3408 ea·

163 3429 249 3494 regard
271 3437 298 3477 to
316 3428 357 3476 the
379 3427 427 3476 last
450 3433 508 3485 two,
528 3427 576 3476 and
599 3427 737 3490 materially
787 3443 873 3476 vemas
892 3426 1062 3491 appellanmt'
1097 3426 1152 3474 The
1168 3427 1237 3474 word
1255 3441 1306 3474 was
1325 3441 1361 3474 re·

162 3496 222 3544 with
244 3500 339 3558 respect
362 3500 387 3542 to
410 3493 495 3541 Mars:
524 3493 565 3541 the
590 3495 673 3541 others
696 3509 737 3542 are
788 3494 869 3541 stored
881 3492 937 3540 here
948 3493 980 3555 by
988 3492 1095 3541 Pearee:
1112 3491 1213 3540 carinae
1224 3491 1284 3539 used
1295 3500 1323 3540 to
1331 3492 1362 3540 be

162 3560 246 3623 nearly
270 3559 344 3622 right.
389 3558 436 3621 Cp.
465 3561 478 3615 ἱ
503 3572 531 3620 51
561 3562 679 3622 ‘quarum
707 3574 738 3607 ex
787 3556 1060 3619 read,withverylittle
1069 3556 1201 3618 authority.
1222 3555 1362 3605 Itremains

163 3625 302 3689 disparibus
325 3623 477 3672 motionibus
502 3639 620 3687 magnum
645 3638 737 3671 annum
787 3623 902 3672 doubtful
922 3620 1032 3670 whether
1051 3637 1170 3670 caveram
1191 3621 1235 3670 has
1254 3621 1311 3669 here
1330 3621 1362 3670 its

163 3689 331 3740 mathematici
346 3689 542 3748 nominaverunt,
559 3690 602 3753 qui
615 3697 668 3737 tum
685 3688 737 3737 effi·
787 3695 853 3737 most
865 3688 962 3737 natural
973 3689 1089 3751 meaning
1102 3685 1206 3747 ‘holds'
1219 3703 1248 3735 or
1263 3687 1317 3735 that
1334 3693 1361 3735 to

163 3759 233 3815 citur,
259 3771 315 3804 cum
343 3752 403 3802 solis
427 3760 452 3803 et
479 3753 552 3802 lunae
579 3761 603 3802 et
630 3754 737 3817 quinque
787 3753 868 3803 which
877 3753 975 3803 Servius
983 3768 1062 3802 seems
1071 3749 1277 3817 topoint‘ribs!
1306 3751 1361 3800 The

162 3820 294 3872 errantium
305 3819 337 3868 ad
348 3819 452 3869 eandem
463 3819 525 3868 inter
536 3835 561 3867 se
573 3821 737 3884 comparatio·
788 3819 861 3869 latter
871 3834 950 3868 seems
959 3819 1037 3867 better
1049 3819 1128 3867 suited
1138 3826 1166 3867 to
1182 3816 1225 3867 the
1236 3824 1343 3866 context

162 3902 219 3936 nem
239 3885 356 3934 confectis
379 3883 489 3932 omnium
511 3885 599 3949 spatiis
618 3891 655 3934 est
672 3884 738 3933 facta
823 3896 861 3932 12.
879 3899 963 3942 quam
970 3887 1041 3944 vela,
1050 3883 1181 3933 bracketed
1194 3883 1228 3946 by
1235 3881 1362 3931 Friedrich

162 3948 304 4003 conversio?
787 3965 815 3998 as
833 3950 936 3998 omitted
954 3950 987 4012 by
1002 3951 1041 4008 M,
1060 3949 1103 3997 but
1121 3948 1189 3997 these
1209 3947 1282 3997 MSS.
1299 3947 1362 3996 have

198 4031 218 4064 r.
236 4012 627 4079 Haeo,‘thesearrangements.’
788 4021 922 4064 ‘antennae
945 4029 1019 4078 quam
1044 4011 1158 4076 aliquae‚’
1181 4013 1263 4061 which
1289 4011 1362 4061 looks

197 4096 218 4130 a.
241 4084 357 4138 paulum
378 4084 411 4128 ut
433 4082 589 4135 immutare,
606 4080 676 4129 ‘that
695 4080 737 4129 the
787 4078 1281 4143 likeacorruptionduetocarelessness.
1307 4077 1362 4126 The

163 4148 276 4212 slightest
292 4146 387 4208 change
403 4147 428 4193 in
446 4145 515 4193 them
527 4145 611 4194 would
628 4147 701 4195 make
717 4145 737 4194 it
787 4145 846 4194 sails
855 4143 929 4194 could
937 4143 1177 4208 hardlybeomitted
1190 4143 1215 4190 in
1224 4143 1362 4206 describing

163 4211 308 4277 impossible
329 4210 368 4259 sor
386 4211 454 4259 them
476 4217 502 4258 to
525 4210 587 4260 hold
608 4209 736 4276 together?
786 4211 854 4259 what
865 4211 886 4258 is
897 4215 924 4259 at
935 4224 996 4258 once
1006 4223 1132 4271 necessary
1143 4209 1192 4257 aud
1203 4206 1325 4258 beautiful
1336 4208 1361 4256 in

163 4279 251 4328 Cioero
262 4279 284 4325 is
292 4292 350 4338 very
358 4276 515 4325 enthusiastic
526 4291 584 4325 over
594 4275 636 4326 the
646 4277 737 4340 beauty
786 4293 802 4325 a
813 4276 876 4340 ship.

163 4343 193 4392 of
201 4343 243 4391 the
253 4341 442 4390 universeinde
453 4341 512 4389 Nat.
525 4342 558 4390 Ι),
570 4342 595 4390 ii.
607 4343 638 4406 98
647 4341 673 4392 ff.
822 4339 860 4390 16.
888 4343 1041 4398 festigium,
1069 4337 1238 4403 ‘gatte-roos:
1260 4338 1321 4388 with
1347 4353 1362 4387 a

192 4420 230 4456 11.
238 4421 386 4458 cavernae:
398 4406 447 4455 this
454 4407 523 4454 word
530 4408 656 4470 isusedby
662 4408 737 4471 Verg.
788 4407 994 4472 pediment-one
1005 4405 1034 4453 of
1048 4404 1089 4453 the
1100 4405 1209 4452 honours
1220 4404 1323 4468 granted
1335 4411 1362 4452 to

163 4473 227 4524 Aeu
238 4473 265 4523 ii.
279 4486 309 4538 19
322 4472 482 4538 ‘penitusque
495 4487 611 4522 cavernas
623 4472 738 4537 ingentis,
788 4471 870 4538 Julius
881 4472 981 4522 Caesar.
1008 4470 1060 4520 Cic.
1068 4469 1133 4519 Phil.
1143 4469 1226 4520 ii.1to
1239 4469 1361 4534 (Mayor).
