3046 5040
553 357 622 419 mr
644 357 864 420 onerose
883 357 954 419 [Η.
985 409 987 414 .
1310 372 1352 440 99

153 527 387 593 coniunctione
401 531 590 606 verborum,
605 529 724 593 vitium
741 539 800 606 est,
816 540 851 594 et
866 539 980 595 tamen
997 551 1071 593 earn
1088 529 1353 595 coniunctionem

155 630 251 694 sicuti
269 651 400 696 versum
425 653 600 696 numerose
623 635 740 698 cadere
762 644 796 697 et
817 635 979 715 quadrare
1001 643 1034 697 et
1056 633 1168 717 perfici
1188 633 1354 698 volumus.

156 734 275 816 Neque
295 745 345 799 est
366 758 410 800 ex
426 737 538 800 multis
555 758 606 800 res
628 757 701 814 una,
717 758 803 820 quae
823 739 929 819 magis
948 747 1113 801 oratorem
1135 738 1177 800 ab
1200 739 1354 821 imperito

156 838 287 902 dicendi
314 840 495 923 ignaroque
521 842 712 923 distinguat,
737 862 837 924 quam
865 843 955 924 quod
986 841 1041 904 ille
1068 842 1157 904 rudis
1187 842 1355 905 incondite

127 941 265 1008 sfundit
295 953 456 1024 quantum
487 954 599 1027 potest
618 954 662 1025 ‘et
693 945 736 1020 id,
768 947 858 1027 quod
889 945 981 1022 dicit,
1020 945 1148 1026 spiritu,-
1187 965 1253 1008 non
1286 955 1356 1008 arte

157 1045 364 1124 determinat,
384 1057 496 1110 orator
517 1058 628 1111 autem
652 1048 699 1111 sic
721 1047 837 1130 inligat
859 1049 1055 1112 sententiam
1077 1049 1196 1121 verbis,
1219 1057 1256 1111 ut
1283 1067 1356 1112 eam

158 1169 295 1214 numero
316 1152 461 1232 quodam
482 1151 722 1234 complectatur
742 1162 775 1215 et
795 1153 931 1216 astricto
953 1161 986 1215 et
1007 1151 1124 1216 soluto.
1171 1153 1260 1215 Nam
1281 1172 1356 1215 cum
1371 1166 1421 1213 176

158 1254 267 1318 vinxit
282 1254 387 1319 forma
404 1264 437 1318 et
454 1256 571 1329 modis,
587 1257 717 1319 relaxat
732 1267 766 1320 et
785 1256 905 1320 liberat
926 1256 1156 1319 immutatione
1172 1257 1305 1333 ordinis,
1320 1267 1358 1320 ut

159 1359 261 1422 verba
285 1379 392 1440 neque
416 1359 562 1441 adligata
586 1360 651 1424 sint
672 1361 766 1442 quasi
787 1369 876 1423 certa
896 1360 1006 1443 aliqua
1027 1360 1099 1444 lege
1117 1381 1230 1423 versus
1251 1380 1359 1442 neque

115 1479 146 1514 10
159 1463 208 1526 ita
230 1461 347 1536 soluta,
372 1473 409 1527 ut
430 1473 599 1544 vagentur.
644 1463 800 1546 Quonam
829 1464 929 1547 igitur
956 1465 1056 1526 modo
1082 1473 1212 1526 tanturn
1240 1484 1359 1526 munus
1372 1461 1424 1526 45

160 1564 348 1632 insistemus
365 1574 401 1629 ut
415 1566 613 1630 arbitremur
624 1587 684 1630 nos
698 1566 784 1631 hanc
795 1568 862 1630 vim
874 1587 1048 1630 numerose
1059 1567 1190 1631 dicendi
1203 1567 1358 1648 consequi

161 1667 281 1752 posse?
308 1669 387 1732 Non
403 1679 454 1733 est
469 1691 520 1733 res
536 1680 604 1733 tam
620 1671 760 1734 difficilis
776 1691 875 1754 quam
892 1671 1089 1746 necessaria3
1107 1670 1189 1733 nihil
1205 1680 1255 1734 est
1271 1671 1360 1733 enim

161 1784 230 1838 tam
246 1782 395 1837 tenerum
412 1793 520 1856 neque
533 1782 604 1836 tam
620 1773 766 1838 flexibile
781 1794 887 1855 neque
903 1776 994 1855 quod
1009 1784 1078 1837 tam
1095 1774 1189 1838 lacile
1205 1785 1361 1856 sequatur

162 1897 372 1959 quocumque
387 1879 490 1941 ducas
505 1898 605 1960 quam
626 1878 743 1941 oratio.
782 1878 838 1939 Ex
861 1877 923 1941 hac
945 1899 1068 1952 versus,
1091 1899 1136 1941 ex
1158 1878 1220 1941 hac
1243 1879 1360 1941 eadem
1374 1897 1423 1945 177

119 2003 148 2052 15
162 1983 311 2064 dispares
334 1980 461 2044 numeri
485 1981 723 2058 conficiuntur;
747 2004 792 2045 ex
815 1981 878 2045 hac
900 1981 982 2045 haec
1006 1982 1108 2046 etiam
1130 1981 1242 2046 soluta
1263 1982 1362 2044 variis

164 2085 272 2149 modis
298 2084 545 2166 multorumque
568 2105 725 2167 generum
756 2086 881 2164 orati03
909 2087 1084 2148 nonenim
1106 2095 1183 2149 sunt
1209 2085 1273 2148 alia
1297 2105 1363 2148 ser·

486 2213 523 2248 11.
540 2200 684 2250 insistemus
693 2218 713 2246 ω
724 2199 770 2249 KP
783 2202 838 2250 Fa:
858 2199 1014 2250 imtrucmus
1025 2200 1049 2249 S.

199 2313 221 2349 1.
237 2302 356 2348 vitium:
375 2299 445 2349 Orat.
455 2313 502 2363 194
510 2301 618 2349 ‘versum
630 2299 739 2363 fugimus

164 2367 190 2414 in
202 2365 312 2414 oratione
329 2401 335 2414 .
350 2401 356 2414 .
368 2400 375 2414 .
389 2365 458 2413 aliud
470 2365 590 2430 quiddam
601 2372 637 2413 est
649 2365 738 2424 oratio,

164 2431 351 2494 necquidquam
358 2427 738 2496 inimiciusquamillaversibus':

164 2498 199 2546 ib.
213 2498 259 2559 189
272 2501 368 2544 ‘versus
381 2511 453 2559 saepe
467 2496 493 2543 in
511 2496 620 2544 oratione
637 2511 682 2560 per
692 2496 739 2542 im·

165 2560 320 2626 prudentiam
332 2560 446 2621 dicimus,
458 2561 526 2625 quod
536 2562 693 2611 vehementer
704 2569 740 2610 est

165 2624 306 2677 vitiosum':
324 2627 358 2675 ib.
373 2637 418 2689 172
431 2626 591 2676 ‘Aristoteles
608 2642 703 2675 versum
714 2626 740 2674 in

165 2693 277 2742 oratione
288 2699 354 2741 vetat
371 2707 431 2750 esse,
445 2707 572 2740 numerum
590 2690 740 2752 iubet'(A1.

165 2759 239 2808 Rhet.
251 2757 285 2807 iii.
298 2759 321 2818 8,
335 2770 350 2817 3
367 2756 456 2821 ῥυθμὸν
470 2756 509 2805 δεῖ
519 2754 587 2818 ἔχειν
597 2755 741 2818 τὸνλόγον,

165 2822 255 2886 μέτρον
266 2821 291 2870 δὲ
304 2821 357 2885 μή),
391 2823 412 2871 F
413 2839 441 2871 or
456 2823 645 2887 verse-rhythms
657 2823 683 2871 in
698 2822 741 2871 Ci-

167 2904 223 2938 cero
233 2903 272 2951 cp.
281 2888 346 2937 Reid
357 2903 389 2936 on
397 2888 476 2937 Acad.
487 2889 503 2937 i.
512 2901 551 2949 30.
585 2889 609 2938 It
621 2889 642 2937 is
652 2887 742 2951 hardly

166 2953 276 3019 possible
287 2960 314 3002 to
322 2954 397 3002 avoid
406 2953 494 3018 taking
504 2958 511 2982 ‘
520 2954 607 3003 crassis
618 2953 742 3002 occultata

167 3026 192 3069 et
200 3020 346 3069 circumfusa
354 3019 476 3074 tenebris‚’
484 3021 509 3067 in
516 3020 594 3068 Acad.
601 3019 627 3068 ii.
637 3033 676 3082 39,
688 3032 742 3076 122,

168 3102 197 3134 as
213 3102 229 3134 a
247 3085 384 3149 quotation.
418 3083 586 3142 Volkmann²,
605 3100 648 3149 pp.
661 3098 741 3147 521-3

168 3152 237 3216 gives
258 3151 378 3199 instances
400 3150 464 3198 lrorn
492 3150 575 3200 Greek
598 3150 646 3198 and
668 3148 742 3198 Latin

168 3216 271 3265 writers.
305 3215 361 3265 The
379 3215 501 3279 complete
524 3216 665 3265 hexameter
684 3214 743 3262 with

167 3281 249 3331 which
261 3281 363 3330 Tacitus
373 3281 461 3344 begins
472 3281 510 3329 his
521 3281 626 3341 Annals,
640 3280 689 3328 and
701 3279 744 3327 the

168 3347 318 3410 incomplete
335 3362 382 3395 one
400 3346 459 3394 with
477 3347 559 3396 which
578 3347 642 3410 Livy
658 3345 745 3408 begins

168 3411 209 3461 his
226 3413 245 3460 F
248 3414 290 3460 irst
308 3413 379 3460 Book
391 3428 432 3460 are
448 3411 562 3470 familiar,
576 3412 625 3460 and
641 3427 682 3460 are
697 3411 744 3458 dis·

169 3479 255 3528 cussed
266 3477 347 3541 hythe
359 3484 559 3539 commentatore,
570 3475 703 3542 especially
712 3475 746 3539 by

169 3544 250 3592 Ritter
261 3543 311 3591 and
323 3543 506 3592 Weissenborn.

207 3623 228 3659 2.
243 3623 390 3661 numerose
400 3612 508 3668 eadere,
520 3613 560 3659 ‘to
568 3605 746 3670 havearhyth-

170 3675 245 3724 micat
257 3671 381 3723 cadence.’

204 3743 350 3798 quadrare,
361 3741 400 3788 ‘to
408 3738 436 3788 fit
445 3739 498 3788 into
509 3738 541 3786 its
552 3738 624 3803 place
633 3732 707 3786 well?

204 3807 309 3864 perflet,
321 3807 328 3831 ‘
338 3813 365 3853 to
376 3805 407 3854 be
418 3802 614 3853 well-rounded.‘

205 3885 227 3932 3.
245 3885 290 3918 res
301 3885 375 3919 una:
392 3869 463 3919 there
478 3869 539 3918 does
550 3875 594 3917 not
606 3883 672 3918 seem
683 3866 747 3917 suffr·

171 3936 237 3986 cient
248 3952 335 3985 reason
350 3935 388 3983 for
401 3934 532 3999 departing
542 3935 605 3982 from
616 3933 658 3982 the
676 3932 747 3982 MSS.

171 4003 238 4061 here,
258 4002 307 4050 and
324 4001 426 4064 reading
445 4001 500 4048 ulla
517 3999 578 4048 with
600 3998 630 4048 C.
655 4000 683 4049 F.
706 3999 749 4047 W.

171 4066 271 4118 Miiller.
307 4065 394 4130 Stangl
410 4067 496 4114 inserts
507 4064 586 4113 rebus.

208 4135 359 4190 imperito:
377 4147 417 4195 cp.
430 4132 445 4180 i.
461 4143 497 4194 17,
511 4137 578 4180 note.

203 4212 226 4262 5.
234 4195 532 4256 quantumpotest.‘all
540 4193 638 4244 hecan.'
650 4192 749 4243 ButDr.

821 2310 845 2414 Ξ.
850 2306 887 2412 fpt
895 2303 1011 2386 qstrioto
1019 2306 1047 2348 et
1056 2303 1158 2360 soluto,
1166 2301 1204 2347 ‘at
1213 2315 1273 2347 once
1281 2298 1365 2348 bound

788 2381 820 2414 an
871 2381 906 2414 ee.

823 2433 847 2479 8.
863 2433 958 2477 vinxit
973 2432 1064 2478 forma
1076 2436 1105 2478 et
1120 2431 1229 2478 modis:
1248 2429 1292 2478 ie.
1303 2427 1366 2476 alter

789 2496 913 2558 throwing
932 2494 971 2543 his
990 2495 1097 2558 thought
1115 2495 1169 2544 into
1186 2511 1202 2543 a
1218 2493 1366 2558 rhythmical

790 2561 838 2611 and
850 2559 1042 2609 well-balanced
1054 2568 1179 2609 structure.

824 2629 1022 2674 immutatione
1035 2628 1151 2686 ordinis,
1164 2641 1192 2673 so
1209 2641 1237 2674 as
1249 2630 1276 2673 to
1291 2624 1366 2673 avoid

790 2708 838 2755 any
849 2691 945 2754 strictly
956 2689 1068 2740 metrical
1079 2697 1257 2754 arrangement.

826 2770 864 2804 10.
881 2762 1036 2813 vagentur:
1054 2772 1092 2819 cp.
1103 2759 1132 2814 §t
1145 2757 1200 2818 184,
1214 2769 1268 2820 190.

827 2836 865 2873 11.
882 2825 1055 2881 insistemus,
1064 2821 1142 2870 ‘shall
1152 2837 1189 2870 we
1196 2827 1264 2869 enter
1274 2818 1367 2886 upon’:

791 2889 860 2938 there
872 2903 951 2936 seems
964 2903 998 2935 no
1012 2887 1132 2936 sufficient
1148 2903 1234 2936 reason
1251 2893 1278 2935 to
1292 2885 1368 2949 reject

791 2954 841 3003 this
853 2969 895 3002 use
907 2953 936 3002 ol
944 2953 1058 3001 insistere
1065 2953 1125 3000 with
1137 2952 1217 3010 Soros,
1228 2952 1287 3001 who
1298 2952 1369 3002 reads

793 3020 956 3068 instruemus.
989 3019 1082 3067 Caesar
1097 3019 1125 3066 B.
1138 3018 1170 3067 G.
1183 3017 1218 3066 iii.
1237 3031 1270 3080 14
1279 3020 1369 3082 ‘neque

792 3085 853 3134 satis
875 3084 1003 3133 constabat
1031 3099 1105 3147 quarn
1127 3084 1247 3132 rationem
1273 3098 1370 3147 pugnae

793 3147 943 3198 insisterent'
960 3149 1030 3212 gives
1051 3155 1154 3212 support
1173 3148 1278 3212 enough.
1315 3148 1370 3197 The

793 3230 836 3264 use
848 3215 869 3263 is
880 3214 962 3262 rather
972 3213 1084 3262 archaic:
1103 3229 1141 3277 cp.
1153 3213 1233 3262 Plaut.
1244 3213 1301 3263 Mil.
1313 3222 1370 3276 774,

796 3276 1369 3344 793,929‘insistitehocnegotiumsapienter,'

795 3346 852 3394 Ter.
864 3345 927 3393 Eun.
941 3358 988 3407 294
997 3347 1004 3370 ⁴
1010 3359 1084 3407 quam
1095 3344 1207 3392 insistam
1219 3344 1284 3391 viam
1295 3344 1371 3392 incer·

795 3417 835 3461 tus
849 3407 930 3459 sum':
946 3409 992 3457 but
1008 3425 1047 3458 see
1062 3409 1116 3456 Liv.
1132 3409 1222 3458 xxxvii.
1241 3419 1263 3470 7,
1280 3410 1295 3456 8
1308 3409 1372 3457 ‘iter

795 3476 863 3541 qnod
874 3472 984 3523 insistis'
1017 3475 1071 3522 The
1089 3474 1171 3523 dative
1186 3474 1207 3522 is
1218 3474 1291 3522 much
1303 3489 1372 3522 more

796 3557 912 3590 common
925 3541 949 3588 in
961 3548 1027 3588 most
1037 3539 1139 3599 writers,
1148 3540 1192 3588 but
1204 3540 1222 3587 it
1231 3538 1286 3587 also
1294 3554 1372 3588 seems

796 3622 855 3670 very
867 3605 980 3655 doubtful
992 3606 1017 3653 in
1029 3605 1125 3654 Cicero.
1154 3605 1249 3667 Kayser
1261 3604 1373 3653 brackets

798 3672 907 3736 [tanturn
919 3687 1007 3719 munus
1015 3670 1153 3719 insistemus
1163 3671 1201 3733 nt]
1210 3670 1314 3719 without
1324 3684 1373 3731 any

797 3737 849 3786 loss
864 3744 891 3785 to
908 3737 949 3785 the
966 3751 1044 3796 sense,
1062 3737 1105 3784 but
1121 3734 1228 3784 without
1240 3734 1372 3797 authority.

798 3804 844 3852 Dr.
854 3801 917 3851 Reid
928 3801 1011 3850 thinks
1019 3801 1074 3849 that
1083 3801 1124 3849 the
1133 3816 1238 3865 passage
1247 3800 1272 3847 in
1281 3799 1375 3848 Caesar

798 3867 869 3916 itsell
876 3867 950 3917 needs
962 3867 1105 3923 conection,
1118 3868 1150 3929 by
1160 3866 1203 3915 the
1219 3866 1336 3914 insertion
1348 3864 1378 3913 ol

799 3933 829 3982 in
849 3933 912 3981 aiter
934 3947 1011 3996 quam
1032 3933 1081 3996 (cp.
1103 3932 1131 3980 B.
1153 3930 1184 3981 G.
1205 3932 1237 3979 vi
1256 3943 1279 3992 5,
1300 3944 1311 3978 1
1331 3929 1374 3977 ‘in

800 3998 894 4048 bellurn
914 3997 1056 4058 insistere'),
1084 4012 1112 4045 or
1128 3997 1162 4059 by
1179 3995 1282 4059 reading
1301 3995 1374 4043 insti·

798 4069 906 4122 tuerent,
925 4064 973 4111 and
993 4062 1050 4111 here
1073 4062 1103 4110 he
1121 4061 1205 4109 would
1224 4062 1282 4110 read
1301 4059 1375 4108 insti·

798 4135 914 4186 tuemus;
949 4127 991 4176 the
1014 4127 1087 4176 latter
1108 4125 1178 4175 word
1199 4126 1221 4173 is
1242 4125 1376 4190 especially

801 4209 916 4243 common
928 4193 953 4240 in
962 4193 1012 4241 this
1023 4193 1098 4253 book,
1108 4191 1169 4241 with
1180 4207 1196 4240 a
1205 4199 1275 4255 great
1283 4192 1376 4255 variety

175 4260 752 4345 Reid,rightlynoticingthatthisgivesbntpoor
801 4257 828 4308 ol
841 4257 940 4321 objecta

176 4344 255 4390 sense,
265 4335 378 4393 suggests
388 4328 527 4376 ‘incondita
537 4326 617 4375 fundit
628 4340 652 4389 q.
661 4341 686 4389 p.
702 4325 719 4372 i.
726 4339 748 4374 e.

177 4399 184 4423 ‘
225 4387 750 4457 ursoutdisorderlytalkaslastashecan?

175 4410 226 4510 11111
237 4459 365 4509 idiomatic
376 4459 452 4508 neeis
463 4471 579 4508 common
590 4456 616 4505 in
627 4456 738 4505 Plautus.

837 4337 875 4386 15.
915 4327 1040 4408 (impares
1080 4324 1201 4384 numeri,
1242 4320 1378 4386 ‘irregular

801 4389 1037 4513 rhypm'gmom
1060 4451 1274 4504 ‘conventional
1296 4448 1376 4517 style,'

743 4551 806 4603 Ha
