3046 5040
561 334 630 395 ur
651 334 958 398 oratorum.
1319 333 1359 418 89

163 526 268 571 uxore
298 505 488 584 divortium,
514 505 694 569 necessitas
724 505 823 587 cogit,
853 505 942 588 quod
974 525 1040 569 non
1068 505 1201 583 habeas,
1226 505 1359 571 aliunde

162 631 313 689 sumere3
336 610 394 673 sed
411 610 444 672 in
460 629 594 672 suorum
610 608 785 673 verborum
802 609 951 673 maxima
969 610 1064 692 copia
1080 619 1192 673 tamen
1208 609 1359 675 homines

163 715 271 778 aliena
301 713 406 776 multo
437 714 551 794 magis,
577 713 606 774 si
635 721 713 776 sunt
743 713 871 776 ratione
899 712 1069 789 translata,
1095 713 1270 778 delectant.
1318 715 1357 778 ld
1371 730 1425 778 160

162 819 311 881 accidere
325 817 434 892 credo,
446 815 498 879 vel
514 816 604 898 quod
620 816 744 898 ingenii
760 817 928 899 specimen
945 826 995 880 est
1010 817 1180 899 quoddam
1196 818 1359 882 transilire

132 932 241 998 yante
262 922 363 1004 pedes
384 920 493 1004 posita
511 928 545 982 et
565 919 630 983 alia
649 920 748 1002 longe
766 920 872 1003 petita
894 941 1044 999 sumere;
1067 921 1119 984 vel
1140 922 1230 1004 quod
1250 923 1286 999 is,
1303 922 1359 1004 qui

163 1026 266 1101 audit,
279 1024 345 1086 alio
357 1023 488 1086 ducitur
500 1023 703 1104 cogitatione
716 1043 825 1105 neque
836 1033 949 1087 tamen
961 1023 1099 1096 aberrat,
1113 1045 1198 1107 quae
1210 1025 1360 1089 maxima

163 1136 213 1191 est
236 1126 433 1201 delectatio;
456 1126 507 1189 vel
529 1127 620 1207 quod
642 1127 675 1188 in
697 1126 836 1208 singulis
857 1127 966 1191 verbis
988 1147 1098 1190 resae
1121 1136 1228 1190 totum
1252 1129 1360 1192 simile

160 1229 351 1309 conficitur;
387 1229 439 1293 vel
469 1229 559 1312 quod
589 1230 697 1293 omnis
727 1228 909 1307 translatio,
936 1250 1023 1312 quae
1055 1230 1191 1312 quidem
1223 1242 1357 1314 sumpta

163 1335 291 1398 ratione
313 1342 371 1412 est,
392 1333 434 1396 ad
458 1352 573 1396 sensus
597 1334 686 1416 ipsos
709 1334 914 1411 admovetur,
934 1334 1081 1396 maxime
1104 1334 1284 1413 oculorum,
1302 1336 1359 1418 qui

118 1463 151 1499 10
163 1447 214 1501 est
238 1458 352 1502 sensus
375 1438 560 1501 acerrimus
606 1437 696 1501 Nam
720 1445 753 1501 et
783 1438 865 1500 odor
896 1438 1091 1501 urbanitatis
1121 1447 1155 1502 et
1186 1438 1360 1503 mollitudo
1372 1452 1422 1499 161

163 1541 378 1606 humanitatis
394 1549 428 1603 et
443 1560 591 1604 murmur
606 1542 703 1605 maris
718 1551 752 1605 et
767 1540 940 1604 dulcitudo
956 1542 1113 1604 orationis
1132 1552 1209 1606 sunt
1224 1542 1325 1606 ducta
1340 1563 1361 1606 a

163 1647 281 1708 ceteris
301 1644 450 1708 sensibus
462 1665 470 1722 ;
494 1643 550 1709 illa
569 1664 648 1708 vero
669 1644 840 1707 oculorum
864 1643 970 1709 multo
992 1645 1128 1722 acriora,
1149 1665 1235 1726 quae
1257 1665 1362 1727 paene

164 1756 292 1830 ponunt
309 1749 341 1837 in
358 1756 536 1829 conspectu
552 1748 663 1825 animi,
680 1769 765 1830 quae
778 1768 907 1811 cernere
923 1757 956 1811 et
968 1748 1080 1811 videre
1096 1769 1161 1811 non
1177 1769 1361 1830 possumus

165 1851 259 1915 Nihil
282 1860 333 1913 est
353 1852 439 1914 enim
464 1851 497 1915 in
521 1870 629 1914 rerum
656 1861 783 1929 natura,
805 1852 898 1915 cuius
922 1871 982 1914 nos
1009 1870 1075 1914 non
1100 1852 1133 1913 in
1161 1850 1233 1914 aliis
1263 1852 1360 1917 rebus

118 1980 149 2030 15
163 1956 328 2038 possimus
344 1955 391 2017 uti
406 1953 568 2017 vocabulo
583 1964 618 2017 et
633 1955 776 2017 nomine.
814 1954 913 2019 Unde
925 1955 1012 2018 enim
1024 1953 1129 2018 simile
1144 1955 1221 2018 duci
1237 1965 1359 2038 potest,

163 2068 274 2141 potest
289 2067 401 2121 autem
417 2079 461 2120 ex
477 2058 639 2136 omnibus,
657 2058 804 2121 indidem
819 2057 956 2121 verbum
973 2078 1085 2136 unum,
1101 2059 1190 2141 quod
1209 2059 1359 2124 similitu-

179 2184 202 2232 4.
219 2169 339 2234 qualidum
347 2169 381 2218 H
384 2169 404 2217 F
405 2184 425 2217 r.
492 2181 513 2231 5.
522 2167 672 2232 positumH
675 2170 694 2217 F
696 2185 713 2218 r.
750 2167 995 2232 repetitauKPFr:
1008 2168 1203 2232 patitaBakium
1212 2175 1309 2219 secutus
1317 2168 1343 2219 S.

162 2269 253 2335 biger’s
268 2279 327 2320 note
344 2286 376 2318 on
394 2271 468 2334 Verg.
486 2272 548 2319 Aen.
566 2287 588 2319 v.
607 2272 655 2332 830
670 2274 736 2320 ‘una

163 2352 247 2387 omnes
263 2336 341 2386 fecere
358 2334 463 2401 pedem!
497 2335 551 2384 The
567 2336 697 2399 metaphor
714 2337 736 2386 is

162 2402 263 2451 derived
279 2404 343 2450 from
359 2402 401 2451 the
419 2400 516 2450 Greek:
535 2417 573 2466 cp.
591 2402 670 2450 Hom.
686 2402 734 2451 Od.

163 2484 186 2516 x.
210 2481 239 2529 32
263 2466 310 2515 alei
331 2465 379 2530 γὰρ
400 2465 461 2514 πόδα
482 2463 538 2528 νηὸς
561 2465 657 2525 ἐνώμων
674 2467 735 2516 with

162 2530 264 2595 Merry's
276 2540 341 2593 note,
354 2533 403 2581 and
415 2532 454 2581 his
465 2532 605 2596 Appendix,
618 2549 643 2596 p.
657 2545 712 2594 543.

195 2613 307 2658 nexum,
342 2597 458 2662 properly
491 2596 563 2647 ‘that
597 2598 679 2646 which
713 2597 735 2646 is

161 2661 262 2719 bound,'
273 2679 301 2713 or
312 2663 409 2724 ‘bond,'
422 2662 548 2712 restricted
565 2669 593 2711 to
607 2663 649 2712 the
661 2663 735 2712 mode

162 2729 191 2777 of
205 2729 360 2792 contructing
368 2735 417 2791 per
429 2744 469 2776 aes
486 2733 510 2777 et
526 2727 618 2776 libram
635 2728 733 2791 (Gaius,

163 2795 198 2844 iii.
210 2797 241 2858 89
253 2795 313 2842 with
327 2792 479 2843 Murrhead’s
496 2793 574 2856 note),
590 2793 672 2843 which
684 2794 734 2842 had

163 2859 253 2908 almost
271 2875 337 2923 gone
356 2867 400 2908 out
419 2858 449 2907 of
462 2874 504 2907 use
524 2859 549 2907 iu
569 2859 611 2907 the
631 2860 691 2908 time
708 2859 738 2908 of

163 2926 254 2984 Gaius3
278 2925 297 2972 it
314 2940 365 2974 was
382 2940 398 2973 a
414 2924 503 2972 formal
520 2931 560 2973 act
577 2926 602 2973 in
620 2923 702 2974 which
719 2941 735 2974 a

162 3005 255 3054 copper
271 2990 348 3054 ingot‚
366 3005 395 3038 or
411 2990 480 3053 piece
498 2990 527 3038 oi
540 3005 639 3053 money,
653 2991 703 3038 and
719 3006 735 3039 a

163 3058 264 3105 balance
284 3072 347 3105 were
365 3055 498 3120 employed
521 3055 546 3102 in
570 3055 612 3104 the
634 3071 735 3104 manner

162 3120 289 3170 described
301 3121 335 3185 by
343 3120 428 3179 Gaius,
437 3121 454 3168 i.
465 3134 519 3185 119.
552 3120 608 3169 The
619 3120 735 3184 opinions

163 3186 191 3234 oi
200 3186 302 3249 lawyers
318 3202 346 3235 as
361 3193 388 3235 to
405 3187 447 3235 the
464 3193 535 3236 exact
551 3192 639 3236 nature
651 3187 679 3234 ol
692 3185 735 3234 the

161 3267 254 3301 nexum
266 3267 306 3300 are
318 3251 467 3314 conflicting.

196 3331 218 3367 1.
236 3320 399 3376 divortium,
424 3321 456 3365 ‘a
478 3314 594 3381 parting,'
618 3316 683 3365 osten
709 3315 737 3364 of

162 3383 243 3441 rivers,
262 3398 331 3432 came
348 3390 375 3431 to
391 3383 423 3431 be
440 3382 500 3430 used
516 3381 635 3446 specially
651 3382 679 3430 ol
694 3381 735 3430 the

162 3463 290 3497 severance
307 3448 337 3496 oi
349 3449 391 3496 the
407 3447 528 3510 marriage
545 3448 580 3496 tie
598 3448 629 3509 by
639 3446 735 3495 mutual

162 3521 272 3574 consent,
284 3527 312 3561 as
328 3513 442 3577 opposed
458 3521 484 3561 to
502 3512 635 3576 repudium
653 3512 734 3561 which

162 3578 269 3627 resulted
287 3578 350 3626 from
367 3579 409 3627 the
426 3579 509 3626 action
521 3577 550 3626 oi
564 3579 606 3627 the
621 3576 735 3626 husband

162 3659 191 3692 or
207 3643 250 3693 the
266 3644 330 3693 wife.
363 3643 430 3692 That
446 3643 466 3691 it
480 3659 530 3692 was
545 3649 590 3691 not
600 3642 697 3691 limited
708 3650 734 3692 to

162 3710 204 3758 the
221 3709 312 3758 former
327 3724 383 3759 case
399 3709 421 3758 is
437 3709 535 3757 evident
550 3709 613 3757 from
623 3708 689 3772 Top.
704 3721 734 3771 19

162 3776 199 3824 ‘si
216 3775 262 3823 viri
279 3775 352 3838 culpa
369 3774 462 3824 factum
479 3781 516 3823 est
533 3773 674 3834 divortium,
687 3774 734 3822 etsi

161 3841 250 3889 mulier
260 3841 373 3888 nuntium
385 3840 496 3899 remisit,’
508 3847 555 3888 etc.

196 3920 218 3954 2.
235 3909 407 3965 tn...oopia,
422 3909 495 3954 ‘even
504 3904 584 3954 where
595 3904 664 3954 there
673 3904 734 3952 isan

162 3968 734 4035 abundantsupplyofspecificwords⁹:cpi.16.

162 4050 278 4086 auorum
286 4036 316 4084 os
325 4051 410 4086 course
418 4037 477 4085 does
486 4043 529 4084 not
538 4034 632 4084 referto
642 4035 734 4083 ‘homi-

161 4100 217 4152 nes'
225 4104 268 4151 but
274 4117 335 4167 goes
343 4101 406 4151 back
412 4107 439 4149 to
449 4106 531 4149 ‘suum
537 4099 639 4149 uomen'
646 4101 734 4150 above.

196 4183 218 4230 3.
230 4171 339 4217 ratione
353 4165 505 4231 ‘properly't
526 4166 594 4215 Orat
610 4165 657 4229 164
669 4168 734 4214 ‘non

161 4234 244 4282 solum
264 4239 445 4297 componentur
464 4232 539 4280 verba
557 4228 669 4294 ratione‚’
688 4237 734 4282 etc.

160 4296 355 4362 Roby,§1236.

195 4377 217 4427 5.
236 4370 301 4415 unta
321 4366 408 4422 pedes
424 4365 527 4423 positu,
541 4362 598 4412 ‘the
612 4359 734 4411 obvious!

162 4431 219 4481 Ter.
232 4430 282 4480 Ad.
294 4428 342 4493 386
354 4431 434 4480 ‘istuc
445 4435 482 4478 est
492 4442 586 4495 sapere,
604 4442 654 4476 non
668 4426 735 4494 quod

786 2270 931 2333 antepedes
947 2269 1048 2319 modost
1065 2271 1147 2319 videre
1164 2271 1207 2319 sed
1225 2272 1300 2319 etiam
1315 2271 1361 2320 illa

786 2350 849 2399 quae
865 2335 946 2384 futura
963 2343 1020 2384 suut
1036 2335 1176 2399 prospicere
1186 2333 1209 2385 ’:
1238 2353 1276 2401 cp.
1295 2337 1359 2384 Eun.

787 2401 843 2464 Iph.
868 2414 914 2448 ror
939 2401 1014 2449 Ribb.
1036 2401 1119 2464 ‘quod
1142 2409 1178 2449 est
1204 2410 1261 2451 ante
1283 2402 1360 2465 pedes

785 2481 867 2515 noenu
882 2474 1004 2529 spectant:
1025 2467 1087 2514 caeli
1103 2474 1240 2515 scrutantur
1252 2465 1359 2530 plagas':

785 2531 848 2580 Plat.
863 2531 965 2580 Theaet.
978 2546 1002 2595 p.
1018 2541 1065 2594 174
1075 2531 1107 2578 τὰ
1119 2529 1182 2593 παρὰ
1191 2529 1268 2579 πόδας.

818 2597 841 2645 6.
859 2599 916 2646 alio
933 2599 1060 2646 ducitur:
1085 2598 1155 2647 Orat.
1175 2611 1213 2660 39.
1234 2611 1280 2660 134
1297 2597 1360 2646 ‘fre

785 2662 958 2726 quentissimae
976 2661 1118 2712 tralationes
1134 2671 1212 2722 erunt,
1230 2663 1298 2727 quod
1315 2679 1359 2712 eae

784 2735 884 2791 propter
901 2726 1088 2776 similitudinem
1102 2729 1247 2777 transferunt
1263 2729 1360 2777 animos

784 2803 809 2841 et
826 2791 931 2841 referunt
948 2809 977 2841 ac
995 2800 1095 2841 movent
1113 2794 1161 2843 huc
1178 2800 1203 2842 et
1220 2792 1293 2843 illuc:
1317 2793 1360 2858 qui

784 2866 866 2906 motus
878 2858 1034 2921 cogitationis
1046 2858 1156 2908 celeriter
1164 2859 1271 2923 agitatus
1280 2875 1325 2924 per
1334 2874 1360 2908 se

784 2923 838 2988 ipse
848 2922 971 2973 delectat'

819 2998 841 3051 7.
862 2992 981 3046 singulis
1002 2993 1106 3048 vorbis,
1130 2990 1173 3039 ie.
1196 3005 1269 3054 every
1290 2989 1360 3038 word

785 3054 846 3103 calls
858 3055 941 3102 before
952 3055 994 3103 the
1005 3055 1074 3103 mind
1085 3072 1100 3103 a
1111 3054 1209 3104 definite
1221 3057 1321 3119 picture.

821 3133 857 3167 10.
876 3135 974 3168 sensus
986 3124 1147 3179 acerrimus,
1159 3121 1184 3170 ii.
1198 3131 1252 3184 357.

818 3187 896 3243 odor,
910 3184 1067 3248 ‘fragrance’
1101 3186 1189 3235 Cicero
1206 3186 1251 3235 has
1270 3186 1361 3236 ‘odore

786 3249 869 3313 aliquo
886 3250 969 3312 legum
986 3248 1121 3299 recreatus'
1138 3252 1164 3299 in
1182 3252 1250 3300 Verr.
1266 3270 1288 3300 v.
1305 3253 1357 3310 160,

785 3315 865 3364 where
878 3316 896 3363 it
908 3329 985 3363 seems
996 3322 1022 3364 to
1035 3315 1132 3365 referto
1143 3315 1186 3366 the
1201 3324 1276 3366 sweet
1287 3318 1323 3365 air
1334 3316 1363 3366 of

785 3380 969 3430 constitutional
982 3380 1078 3443 liberty.

786 3459 857 3560 C11.
876 3448 1041 3494 dulcitudo:
1064 3461 1091 3495 so
1109 3447 1143 3494 M
1148 3462 1154 3502 ;
1175 3446 1274 3495 dulcedo
1291 3445 1359 3512 vulg.

809 3527 857 3624 pra.
875 3580 926 3625 illa
936 3591 1004 3625 vero
1018 3579 1170 3638 oculorum,
1183 3576 1254 3625 those
1272 3579 1360 3636 (metu-

785 3641 872 3706 phors)
884 3642 982 3690 derived
995 3642 1058 3691 stom
1070 3643 1112 3691 the
1123 3657 1192 3692 sense
1204 3643 1233 3690 of
1241 3641 1315 3704 sight.

820 3721 857 3768 13.
875 3723 988 3756 cernere
1004 3713 1033 3756 at
1048 3711 1153 3768 videre,
1167 3711 1221 3757 ‘see
1234 3707 1295 3755 with
1313 3721 1361 3755 our

785 3773 870 3836 bodily
881 3789 937 3837 eyes
945 3771 966 3821 ':
983 3789 1021 3836 cp.
1036 3774 1189 3837 ‘consumpti
1201 3781 1225 3822 et
1236 3770 1359 3821 exhausti'

787 3843 799 3896 §
811 3852 865 3899 roa,
875 3837 1015 3887 ‘conferunt
1023 3844 1047 3887 et
1055 3837 1229 3897 convertuut’t
1241 3851 1295 3897 120,
1303 3843 1359 3899 etc,

786 3904 849 3953 Reid
858 3904 975 3953 onAcad.
982 3904 1007 3953 ii.
1015 3903 1054 3954 80.
1078 3904 1196 3968 Nigelsb.
1206 3903 1360 3967 Stil.⁸p.321.

821 3983 858 4031 14.
877 3972 908 4016 tn
920 3972 983 4018 aliis
994 3973 1088 4030 rebus,
1102 3972 1141 4018 ‘in
1153 3970 1289 4019 connexion
1300 3967 1360 4017 with

785 4034 856 4083 other
868 4033 967 4099 things.'

820 4112 857 4162 15.
874 4103 959 4160 unda,
972 4108 1017 4149 etc.
1052 4099 1205 4149 ‘Whenever
1217 4115 1265 4163 any
1274 4112 1361 4148 source

785 4179 831 4214 can
852 4163 945 4213 fumish
967 4180 983 4213 a
1005 4165 1244 4228 comparison—and
1266 4164 1316 4213 this
1339 4164 1361 4212 is

785 4230 879 4293 always
893 4228 1051 4293 possible—a
1071 4229 1150 4292 single
1167 4229 1237 4278 word
1259 4228 1360 4278 derived

785 4294 849 4343 from
866 4294 908 4344 the
924 4310 991 4343 same
1007 4309 1101 4355 source,
1112 4295 1161 4343 and
1176 4294 1303 4358 involving
1318 4294 1360 4344 the

786 4359 949 4424 comparison,
965 4360 988 4408 if
1002 4359 1063 4409 used
1081 4375 1107 4408 aa
1124 4376 1139 4408 a
1156 4360 1294 4425 metaphor,
1314 4375 1360 4410 cau

784 4425 844 4477 lend
855 4425 983 4477 brilliance
994 4433 1021 4476 to
1032 4424 1074 4476 the
1085 4423 1163 4492 style-¹
