3046 5040
516 367 518 370 ’
559 367 628 426 nu
649 366 869 429 nnuman
886 367 957 430 m.
1316 384 1354 450 17

159 537 307 602 sonitum
324 536 518 616 Aeschines,
530 537 598 601 vim
616 537 861 602 Demosthenes
877 537 1003 602 habuit.
1049 537 1134 621 Quis
1155 558 1269 601 eorum
1290 558 1356 603 non

158 641 334 724 egregius?
360 650 473 705 tamen
493 641 567 723 quis
586 642 779 724 cuiusquam
801 642 864 705 nisi
887 642 937 705 sui
961 641 1103 705 similis?
1125 672 1129 682 ·
1149 641 1355 706 Gravitatem

158 745 348 823 Africanus,
364 744 535 808 lenitatem
552 744 695 824 Laelius,
716 746 930 828 asperitatem
947 744 1063 824 Galba,
1079 745 1245 828 profluens
1261 739 1358 829 quidss

159 848 238 912 dam
254 847 371 912 habuit
388 846 497 912 Carbo
512 856 547 911 et
562 868 731 912 canorum.
776 849 861 932 Quis
876 847 995 912 horum
1014 869 1082 912 non
1103 849 1256 932 princeps
1272 859 1357 923 tem-

129 950 295 1035 5poribus
320 951 384 1014 illis
411 951 496 1015 fuit?
530 961 563 1016 et
590 973 651 1015 suo
678 961 791 1016 tamen
819 952 961 1036 quisque
989 952 1022 1014 in
1050 973 1170 1034 genere
1194 953 1357 1035 princeps.

161 1055 229 1121 Sed
245 1055 324 1138 quid
340 1075 404 1137 ego
418 1065 531 1118 vetera
546 1055 749 1138 conquiram,
762 1076 837 1119 cum
855 1055 935 1118 mihi
952 1055 1050 1118 liceat
1065 1056 1112 1119 uti
1129 1055 1356 1139 praesentibus
1372 1069 1397 1134 8

160 1157 325 1241 exemplis
341 1166 440 1241 atque
456 1157 558 1221 vivis?
603 1158 693 1241 Quid
715 1159 889 1223 iucundius
908 1158 1040 1222 auribus
1061 1159 1182 1222 nostris
1198 1180 1356 1242 umquam
1371 1155 1407 1199 ²9

161 1262 282 1325 accidit
296 1261 393 1324 huius
409 1261 559 1324 oratione
575 1261 708 1326 Catuli?
731 1283 816 1346 quae
837 1270 888 1325 est
906 1282 988 1344 pura
1003 1263 1058 1339 sic,
1074 1271 1111 1326 ut
1127 1262 1247 1326 Latine
1267 1262 1356 1345 loqui

160 1385 268 1448 paene
288 1364 377 1429 solus
400 1364 559 1442 videatur,
580 1365 627 1428 sic
648 1374 760 1429 autem
779 1367 898 1448 graviS,
913 1374 951 1429 ut
966 1365 999 1428 in
1016 1365 1173 1447 singulari
1194 1366 1359 1448 dignitate

117 1499 149 1535 10
161 1469 271 1533 omnis
293 1476 407 1531 tamen
432 1469 520 1532 adsit
543 1467 733 1532 humanitas
756 1490 795 1532 ac
819 1469 921 1552 lepos.
977 1469 1066 1552 Quid
1094 1469 1224 1532 multa?
1259 1471 1358 1532 istum

162 1573 301 1637 audiens
323 1572 478 1654 equidem
497 1572 543 1634 sic
567 1571 712 1637 iudicare
732 1572 832 1650 soleo,
855 1573 1012 1656 quicquid
1034 1581 1092 1636 aut
1115 1573 1282 1636 addideris
1303 1581 1360 1636 aut

163 1675 301 1739 mutaris
327 1683 384 1739 aut
410 1675 605 1754 detraxeris,
629 1676 779 1740 vitiosius
810 1686 844 1739 et
873 1677 1017 1739 deterius
1048 1676 1204 1739 futurum.
1260 1675 1361 1758 Quid,
1374 1699 1411 1745 ao

162 1787 276 1843 noster
304 1777 359 1841 hic
389 1777 511 1842 Caesar
540 1798 652 1843 nonne
685 1800 807 1844 novam
842 1781 1010 1862 quandam
1049 1782 1210 1843 rationem
1248 1778 1362 1843 attulit

163 1881 323 1948 orationis
342 1889 377 1945 et
394 1881 527 1945 dicendi
543 1903 647 1965 genus
669 1883 804 1947 induxit
824 1903 929 1966 prope
949 1882 1138 1965 singulare?
1183 1882 1268 1965 Quis
1289 1902 1362 1945 um·

119 2014 149 2065 15
163 1991 264 2070 quam
287 2005 339 2048 res
362 1993 493 2067 praeter
514 1984 603 2049 hunc
626 1987 769 2068 tragicas
796 2006 903 2069 paene
929 1987 1065 2063 comice,
1087 1986 1191 2050 tristis
1218 1986 1363 2063 remisse,

414 2108 453 2159 15.
469 2096 663 2160 tragicaspaenc
673 2098 769 2158 comae,
781 2097 839 2150 incl.
852 2098 904 2159 KS,
916 2098 1023 2147 Bakium
1034 2097 1118 2149 secuti.

164 2187 225 2246 fuit3
242 2186 358 2236 tantavis
369 2186 394 2235 in
406 2202 445 2248 eo,
455 2192 508 2236 tam
519 2186 594 2235 densa
607 2187 697 2242 omnia,
706 2187 741 2236 ita
787 2204 838 2239 non
860 2187 994 2237 iucundum
1014 2193 1039 2244 et
1058 2187 1221 2238 honorificum
1244 2186 1277 2237 ad
1299 2188 1364 2237 auris

165 2252 313 2318 quibusdam
327 2253 408 2302 nervis
423 2252 518 2301 intenta
533 2259 597 2312 sunt,
611 2258 664 2302 tam
678 2252 742 2301 nihil
789 2260 845 2303 tuas
860 2251 973 2303 accidat!
1007 2253 1037 2302 In
1050 2253 1091 2302 the
1109 2269 1176 2303 same
1190 2270 1246 2318 way
1257 2254 1364 2303 incidere

166 2319 282 2379 otiosum,
300 2318 322 2367 is
338 2318 437 2367 dicendi
454 2317 551 2374 modus,
567 2324 595 2366 ut
611 2333 657 2366 nec
674 2318 743 2382 quod
789 2333 867 2368 seems
876 2318 967 2382 always
974 2317 1092 2367 followed
1100 2319 1133 2382 by
1141 2319 1177 2367 in.
1205 2319 1314 2383 Perhaps
1323 2318 1365 2368 the

166 2384 231 2433 desit
248 2384 273 2432 in
290 2398 321 2432 eo
337 2399 381 2432 nec
398 2383 464 2446 quod
481 2383 600 2432 redundet
616 2381 742 2434 invenias!
790 2384 873 2433 dative
884 2383 992 2448 depends
1003 2383 1098 2447 mainly
1109 2399 1142 2433 on
1153 2384 1298 2434 iucundius.

167 2449 249 2498 There
265 2449 286 2497 is
297 2466 312 2497 a
323 2448 422 2498 treatise
435 2449 468 2512 by
479 2447 614 2512 Dionysius
624 2449 653 2497 of
667 2448 743 2498 Hali·
825 2451 847 2498 8.
867 2452 979 2502 catuli:
996 2465 1035 2513 cp.
1045 2449 1071 2496 ii.
1086 2451 1125 2497 28.

167 2529 296 2566 camassus
313 2513 365 2562 still
381 2521 464 2563 extant
479 2513 510 2562 de
521 2513 554 2562 Vi
569 2513 745 2564 Demosthenis
826 2527 863 2564 10.
881 2517 980 2574 omnis,
993 2516 1081 2578 ‘every
1093 2513 1155 2562 kind
1170 2514 1199 2564 of
1207 2513 1229 2562 ι’
1247 2529 1286 2578 cp.
1299 2514 1363 2563 Hor.

168 2579 231 2642 (rapi
245 2577 380 2641 δεινότητος
393 2577 582 2642 Δημοσθένους).
611 2579 659 2645 Cp.
670 2580 744 2644 Jebb,
791 2580 840 2645 Ep.
852 2580 868 2627 i.
881 2592 904 2642 5.
918 2593 930 2626 2
945 2581 1033 2640 (note).

168 2645 239 2695 Attio
251 2645 361 2704 Orators,
375 2645 401 2694 ii.
415 2646 470 2706 383.
822 2645 1365 2694 1a.vitiosiua..futurumseemsattracted

203 2725 226 2760 a.
243 2714 324 2768 quis.
337 2747 344 2761 .
357 2712 483 2760 ‚similia
511 2709 558 2774 Cp.
569 2710 636 2760 Brut.
646 2710 685 2758 82.
698 2711 744 2774 285
793 2716 820 2760 to
836 2710 879 2770 the
892 2710 984 2773 gender
995 2709 1024 2759 of
1039 2713 1183 2770 quioquid,
1197 2725 1224 2758 as
1240 2709 1263 2758 if
1277 2710 1365 2760 Cicero

168 2776 252 2840 ‘Quid
276 2782 312 2825 est
333 2781 386 2824 tam
406 2774 526 2824 dissimile
553 2790 628 2839 quam
651 2776 744 2838 Demo
793 2776 842 2826 had
854 2775 990 2824 said‘will
1002 2775 1075 2824 make
1086 2775 1126 2823 his
1137 2776 1199 2839 style
1207 2791 1275 2824 more
1287 2776 1366 2840 faulty

168 2841 268 2892 sthenes
286 2848 311 2890 et
326 2841 430 2904 Lysias?
448 2856 523 2904 quam
539 2840 632 2889 eisdem
648 2847 674 2889 et
691 2841 746 2904 Hy·
793 2842 844 2891 and
860 2839 975 2891 inferior!
1009 2841 1033 2891 It
1049 2840 1134 2889 would
1151 2843 1181 2890 be
1198 2857 1255 2904 easy
1266 2848 1293 2889 to
1308 2840 1367 2891 read

167 2906 284 2977 pericles?
292 2921 368 2969 quam
375 2905 464 2954 horum
469 2905 581 2955 omnium
586 2905 747 2957 Aeschinesl'
794 2907 870 2966 istud,
879 2907 925 2956 but
936 2910 1023 2954 iatum
1035 2905 1185 2955 audientiis
1197 2921 1225 2955 so
1234 2906 1339 2955 suitable
1351 2922 1368 2955 a
1406 2911 1408 2915 ’

204 2986 227 3033 3.
244 2975 413 3021 Africanus:
432 2987 471 3035 cp.
484 2972 500 3020 i.
513 2972 553 3036 48.
567 2984 623 3021 210.
794 2972 884 3037 phrase
895 2973 920 3020 in
932 2971 1005 3032 itself,
1018 2971 1072 3020 that
1088 2972 1108 3020 it
1123 2972 1145 3023 is
1160 2972 1238 3021 better
1254 2979 1281 3025 to
1296 2971 1368 3021 leave

203 3040 308 3087 Galba:
326 3036 342 3084 i.
356 3049 394 3084 10.
407 3050 446 3098 40.
794 3038 836 3087 the
847 3037 1009 3101 irregularity.

202 3117 226 3165 4.
245 3105 350 3152 Carbo:
368 3101 461 3151 introd
475 3118 500 3167 p.
514 3104 544 3159 8;
561 3102 577 3151 i.
592 3114 629 3150 10.
641 3114 681 3163 40.
831 3115 868 3163 13.
891 3107 987 3152 noster
1012 3105 1059 3152 hio
1083 3105 1193 3160 Caesar,
1207 3105 1267 3151 ‘our
1289 3101 1368 3151 friend

205 3181 289 3230 5.suo
297 3171 330 3215 in
339 3182 449 3228 genera,
459 3167 610 3232 ‘onlyinhis
618 3182 673 3215 own
681 3165 748 3217 line.’
796 3168 888 3218 Caesar
905 3183 962 3216 now
977 3168 1038 3217 with
1054 3166 1113 3217 us:'
1130 3183 1169 3231 cp.
1186 3168 1253 3217 Brut
1266 3169 1306 3229 48.
1321 3176 1366 3230 177

204 3231 227 3281 6.
254 3236 311 3281 Sed
332 3235 402 3291 quid
424 3248 485 3293 ago,
509 3250 525 3283 a
546 3248 605 3295 very
631 3247 748 3281 common
797 3233 947 3281 ‘festivitate
959 3233 1035 3296 igitur
1049 3240 1074 3282 et
1085 3233 1185 3291 facetiis,
1199 3233 1228 3282 C.
1240 3232 1321 3295 Julius
1338 3231 1368 3282 L.

171 3299 236 3351 form
253 3297 282 3347 of
294 3297 336 3346 the
353 3298 486 3348 transitur:
505 3315 544 3364 cp.
560 3298 635 3348 Tusa.
648 3297 720 3363 Disp.
732 3297 749 3348 i.
796 3298 825 3346 F.
835 3304 860 3348 et
871 3297 1037 3360 superioribus
1048 3305 1072 3346 et
1079 3298 1222 3361 aequalibus
1234 3297 1283 3347 suis
1290 3298 1368 3347 omni-

171 3379 213 3431 4²·
228 3376 272 3413 101
287 3362 423 3424 (Kiihner).
796 3364 842 3413 bus
853 3362 984 3427 praestitit,
1001 3369 1132 3475 oratorque
1144 3363 1191 3410 fnit
1206 3363 1309 3411 minime
1325 3362 1369 3410 ille

204 3426 467 3492 vetara=‘antiqua,'
479 3443 506 3478 as
521 3429 546 3477 in
563 3429 650 3482 i.1.1.
668 3427 750 3476 Land-
797 3429 897 3492 quidem
909 3427 1048 3487 vehemens,
1060 3443 1086 3476 se
1114 3443 1188 3476 nemo
1200 3443 1310 3491 unquam
1326 3442 1367 3475 ur·

172 3493 232 3558 graf
246 3510 278 3543 on
296 3494 370 3542 Rosc.
383 3495 482 3557 Am.17
495 3495 554 3543 tries
571 3503 597 3543 to
614 3492 684 3542 show
694 3493 750 3542 that
796 3494 915 3552 banitate,
936 3508 1011 3543 nemo
1038 3492 1130 3557 lepore,
1155 3508 1228 3541 nemo
1250 3493 1369 3542 suavitate

172 3559 262 3610 Cicero
282 3559 307 3607 in
328 3558 368 3608 his
386 3558 438 3607 first
458 3559 546 3622 period
569 3558 750 3620 distinguished
798 3559 926 3609 conditior.
970 3559 1033 3607 Sunt
1052 3560 1104 3607 eius
1123 3557 1218 3621 aliquot
1238 3558 1368 3618 orationes,

172 3624 293 3688 carefully
300 3624 410 3673 between
418 3630 489 3673 vetus
497 3624 603 3674 inabad
612 3638 689 3680 sense,
701 3624 751 3672 and
798 3640 829 3673 ex
848 3623 944 3687 quibus,
965 3624 1028 3673 sicut
1046 3639 1079 3672 ex
1097 3624 1206 3672 eiusdem
1228 3622 1369 3687 tragoediis,

172 3691 295 3754 antiquus
307 3689 332 3738 in
344 3705 359 3737 a
370 3689 438 3753 good
455 3705 509 3738 one.
551 3691 598 3738 But
614 3689 646 3738 he
659 3690 751 3738 admits
798 3689 886 3738 lenitas
905 3690 957 3738 eius
976 3690 1028 3739 sine
1046 3689 1125 3738 nervis
1147 3689 1252 3753 perspici
1271 3687 1370 3753 potest.'

172 3755 227 3804 that
247 3754 389 3803 afterwards
410 3755 442 3804 he
464 3754 508 3802 did
527 3763 572 3804 not
591 3756 693 3805 observe
710 3754 751 3803 the
799 3755 841 3804 He
852 3770 905 3804 was
916 3754 1096 3818 distinguished
1112 3769 1139 3803 as
1156 3754 1263 3802 awriter
1274 3754 1304 3802 of
1318 3759 1370 3803 tra-

173 3819 311 3871 difference.
348 3819 395 3883 Cp.
408 3819 529 3880 Schmidt,
542 3819 633 3883 Synon.
645 3838 669 3885 p.
683 3831 739 3883 479.
798 3821 938 3884 gedy—cp.
950 3821 1042 3869 Ascon.
1055 3836 1087 3869 on
1099 3819 1152 3870 Cic.
1169 3835 1215 3883 pro
1227 3818 1325 3879 Scauro,
1344 3834 1369 3883 p.

208 3888 322 3947 privis.
340 3885 485 3935 Haruecker
491 3885 605 3949 (without
613 3884 749 3947 comment)
802 3900 832 3947 ²4
842 3885 922 3934 ‘idem
937 3885 1001 3934 inter
1017 3885 1111 3949 primos
1128 3884 1246 3948 temporis
1263 3885 1301 3932 sui
1317 3899 1370 3932 ora·

173 3950 751 4015 printsviralrwhichmightbetalrenwithexem·
799 3959 864 4001 tores
881 3958 905 4000 et
920 3951 1026 4015 tragicus
1045 3956 1121 4014 poeta
1138 3950 1217 3999 bonus
1235 3949 1371 3997 admodum

168 4015 530 4081 plisasalrindofhendiadys.
559 4017 630 4066 Read
638 4022 753 4081 suggests
799 4016 899 4065 habitus
914 4021 966 4065 est:
983 4015 1056 4064 huius
1073 4022 1129 4064 sunt
1142 4015 1209 4065 enim
1219 4014 1371 4078 tragoediae,

173 4081 300 4140 vanorum,
314 4080 456 4130 afterwards
469 4082 582 4145 wrongly
593 4080 751 4131 assimilated.
800 4096 863 4146 quae
882 4081 1045 4130 inscribuntur
1065 4079 1220 4129 luliz’-but
1238 4080 1268 4129 of
1287 4094 1371 4130 course

174 4146 223 4195 But
230 4146 253 4194 if
257 4146 325 4195 there
332 4146 353 4195 is
361 4163 410 4209 any
419 4145 548 4210 difficulty,
554 4148 574 4196 it
579 4147 600 4196 is
607 4156 651 4197 not
657 4152 753 4212 greater
800 4147 868 4195 there
879 4147 901 4194 ia
912 4162 945 4194 no
954 4145 1074 4195 reference
1085 4152 1113 4196 to
1122 4146 1171 4194 this
1178 4146 1243 4204 here,
1255 4161 1281 4194 as
1290 4145 1371 4209 might

174 4211 235 4262 than
245 4211 270 4259 in
278 4211 339 4261 such
349 4212 494 4274 aphraseas
505 4213 538 4261 ‘si
550 4212 623 4262 valeo
631 4208 753 4276 vivoque.’
800 4227 866 4261 seem
878 4217 904 4261 to
916 4212 947 4260 be
958 4211 1090 4275 suggested
1105 4211 1138 4274 by
1150 4211 1192 4259 the
1203 4212 1332 4274 quotation
1345 4209 1375 4260 of

208 4280 326 4325 auribus
338 4280 445 4326 accidit
456 4292 534 4326 seems
543 4293 574 4326 an
583 4276 754 4343 nnparalleled
800 4277 841 4326 the
850 4277 931 4325 words
940 4277 965 4324 in
974 4275 1075 4325 Sellar‘s
1082 4277 1180 4325 Roman
1189 4277 1270 4334 Poets,
1281 4292 1305 4340 p.
1316 4289 1371 4337 130.

174 4343 472 4393 constructioniuCicero.
496 4343 543 4407 Cp.
555 4342 695 4408 Dr'aiger,i².
704 4357 754 4406 404
801 4343 847 4408 Cp.
857 4342 882 4391 ii.
892 4344 932 4406 98.
952 4345 1094 4399 quandam
1102 4342 1253 4407 emphasises
1261 4356 1371 4391 novam.

176 4409 202 4470 (ᾖ
212 4406 267 4468 186,
276 4407 299 4471 1)
309 4425 313 4455 :
322 4407 434 4471 proSest.
442 4408 567 4470 107‘nihil
575 4414 627 4456 tam
633 4407 754 4474 populare
836 4421 873 4471 15.
883 4422 971 4464 paene
979 4410 1094 4468 uomica,
1105 4408 1142 4455 ‘in
1151 4422 1274 4456 amanner
1281 4407 1372 4455 almost

175 4473 245 4537 adp.
257 4472 288 4522 R.
300 4473 366 4522 auris
377 4471 523 4527 accidisser'
539 4472 754 4542 inVat4‘quod
800 4473 881 4525 suited
892 4480 919 4521 to
931 4469 1052 4536 comedy.’
1085 4475 1212 4534 ramses,
1225 4469 1345 4540 ‘rightly'

767 4565 788 4617 C
