3046 5040
542 369 629 433 'nn
650 370 872 434 onnrons‘
888 373 961 436 m.
990 368 1005 425 '.
1318 387 1357 454 51

162 542 315 607 videbam
338 552 452 607 tamen
475 563 546 608 esse
568 553 697 626 praeter
714 540 803 608 'hanc
825 546 1100 608 exercitationem
1127 542 1257 629 linguae
1281 547 1359 610 doc·

162 647 282 710 trinam
301 648 445 730 aliquam
464 657 498 711 et
514 648 722 712 humanitate
739 648 875 730 dignam
890 649 1071 723 scientiam,
1087 648 1148 714 hos
1163 669 1241 712 vero
1257 670 1360 714 novos

164 752 339 832 magistros
366 751 447 814 nihil
472 750 707 832 intellegebam
738 771 836 833 posse
865 753 995 828 docere,
1026 752 1086 816 nisi
1117 763 1154 817 ut
1183 753 1360 828 auderent;

162 854 367 936 quodetiam
383 875 458 918 cum
475 855 571 918 bonis
587 855 685 918 rebus
700 855 911 918 coniunctum
924 877 983 938 per
998 877 1034 920 se
1050 858 1157 938 ipsum
1173 865 1224 919 est
1240 876 1361 939 magno

134 973 263 1038 5opere
280 958 494 1039 fugiendum:
517 958 579 1022 hoc
602 978 678 1021 curn
701 977 804 1021 unum
827 958 1012 1022 traderetur
1034 969 1066 1023 et
1089 981 1164 1023 cum
1187 961 1361 1042 impuden-

161 1062 229 1124 tiae
252 1061 349 1125 ludus
379 1071 475 1139 esset,
505 1057 619 1144 putavi
644 1082 716 1125 esse
740 1064 894 1140 censoris,
922 1083 964 1126 ne
993 1065 1123 1146 longius
1147 1065 1180 1127 id
1207 1075 1361 1146 serperet,

162 1164 343 1247 providere.
389 1166 601 1248 Quamquam
628 1185 693 1228 non
718 1165 800 1229 haec
823 1167 870 1229 ita
890 1176 1004 1229 statuo
1026 1177 1126 1248 atque
1149 1169 1300 1245 decerno,
1323 1177 1360 1231 ut
1372 1184 1409 1230 οε

162 1270 335 1350 desperem
368 1266 489 1332 Latine
518 1288 566 1343 ea,
597 1268 639 1331 de
669 1269 790 1350 quibus
820 1269 1072 1351 disputavimus,
1099 1271 1186 1333 tradi
1217 1291 1256 1335 ac
1285 1291 1361 1353 per-

163 1371 258 1452 poliri
266 1382 368 1454 posse,
383 1373 508 1455 patitur
522 1373 610 1435 enim
627 1382 661 1435 et
675 1371 787 1452 lingua
799 1382 912 1435 nostra
924 1381 957 1436 et
968 1382 1085 1436 natura
1097 1393 1205 1437 rerum
1216 1384 1361 1437 veterem

119 1504 149 1538 ιο
163 1474 254 1537 illam
270 1474 558 1556 excellentemque
578 1477 787 1558 prudentiam
810 1475 1011 1539 Graecorum
1034 1477 1078 1540 ad
1096 1487 1245 1540 nostrum
1265 1496 1361 1540 usum

164 1599 355 1661 moremque
370 1578 546 1652 transferri,
568 1578 627 1642 sed
646 1579 836 1642 hominibus
852 1591 936 1661 op'us
950 1591 1001 1645 est
1017 1581 1165 1656 eruditis,
1180 1581 1238 1663 qui
1254 1580 1362 1645 adhuc

163 1684 197 1746 in
213 1683 277 1747 hoc
295 1684 428 1766 quidem
445 1703 565 1765 genere
579 1679 682 1747 nostri
695 1681 775 1746 nulli
788 1683 917 1747 fuerunt
926 1707 934 1763 ;
950 1685 1000 1747 sin
1015 1684 1151 1766 quando
1166 1682 1362 1761 exstiterint,

161 1789 264 1851 etiam
281 1787 417 1851 Graecis
432 1794 529 1850 erunt
543 1787 778 1870 anteponendi.

208 1891 355 1954 Ornatur
370 1890 469 1972 igitur
484 1892 591 1954 oratio
611 1911 731 1972 genere
752 1891 895 1973 primum
915 1899 948 1954 et
966 1892 1060 1973 quasi
1084 1890 1194 1954 colore
1215 1891 1361 1974 quodam
1376 1895 1425 1962 25

118 2018 148 2064 15
163 2006 197 2058 et
211 2014 290 2058 suco
305 1988 389 2071 su0'3
411 2014 489 2057 nam
504 2002 541 2057 ut
562 1994 680 2076 gravis,
695 2002 732 2056 ut
751 1995 870 2068 suavis,
888 2004 925 2057 ut
944 1995 1074 2058 erudita
1089 1996 1141 2073 sit,
1157 1982 1194 2059 u't
1209 1995 1362 2074 liberalis,
1374 1988 1412 2034 ⁹⁰

163 2108 201 2163 ut
223 2096 436 2173 admirabilis,
459 2106 496 2160 ut
518 2098 630 2180 polita,
653 2107 689 2161 ut
712 2117 835 2172 sensus,
860 2107 896 2161 ut
916 2098 1040 2161 doloris
1063 2099 1183 2163 habeat
1201 2111 1363 2182 quantum

181 2231 204 2266 a.
221 2215 405 2265 hunzans'tatcm
416 2215 521 2281 dignm
532 2216 636 2264 scientia
646 2232 678 2265 or:
696 2233 759 2267 corr.
771 2217 916 2278 Lambinus,
927 2225 1008 2267 tuetur
1019 2218 1060 2267 Fr.
1136 2233 1159 2283 9.
1173 2225 1241 2284 posse
1252 2219 1347 2269 addidit

564 2282 685 2341 Pearcius,
700 2297 772 2346 quem
784 2291 918 2348 sequuntur
928 2283 979 2333 KS.
1360 2284 1364 2287 ’

164 2375 220 2436 est,’
246 2375 328 2424 where
356 2375 435 2424 Hertz
461 2376 531 2439 gives
555 2372 739 2424 ‘cuiusmodi’2
791 2375 1364 2442 1115141111Ρεατοείεαεὶωριεοοι-

165 2441 294 2491 donbtless
315 2440 358 2490 the
381 2442 566 2490 cumbronsness
594 2440 624 2490 os
645 2440 740 2489 ‘cuius-
790 2440 890 2488 rection.
924 2441 953 2487 In
965 2441 1039 2505 Verg.
1052 2444 1114 2491 Aen.
1127 2444 1159 2490 iv.
1173 2445 1220 2504 338
1231 2444 1273 2492 the
1285 2443 1364 2492 future

166 2505 322 2565 cuiusmodi,'
338 2506 421 2555 which
441 2522 520 2556 seems
538 2514 564 2555 to
584 2506 646 2556 have
667 2520 741 2554 never
791 2505 858 2553 force
873 2520 951 2553 seems
968 2506 1077 2568 plain—‘
1087 2523 1166 2572 neque
1183 2524 1230 2573 ego
1243 2508 1307 2558 hanc
1320 2509 1364 2556 ub-

166 2574 229 2622 been
239 2573 264 2620 in
275 2587 327 2628 use,
338 2571 434 2634 though
446 2571 582 2620 Lambinus
592 2574 671 2635 prints
684 2572 703 2620 it
715 2570 740 2618 in
791 2570 909 2618 scondere
920 2569 984 2618 furto
995 2573 1098 2635 speravi,
1108 2589 1139 2620 ne
1151 2573 1224 2636 tinge,
1233 2573 1317 2636 fugam
1324 2572 1365 2610 '-

165 2638 198 2687 de
214 2637 236 2685 F
238 2637 271 2686 in.
289 2637 306 2686 1.
314 2653 335 2686 c.
357 2637 408 2701 (cp.
425 2637 497 2686 Neue
513 2635 549 2684 11²
568 2637 636 2699 246),
650 2635 741 2685 caused
790 2650 850 2684 even
867 2634 973 2683 without
988 2637 1030 2685 the
1049 2635 1150 2701 ‘posse'
1162 2638 1244 2688 which
1260 2653 1365 2703 appears

165 2703 209 2752 the
220 2703 340 2751 retention
353 2703 382 2750 of
388 2702 430 2751 the
442 2701 539 2750 archaic
551 2700 622 2751 form.
790 2701 816 2748 in
828 2700 846 2748 l.
858 2714 912 2762 305.
950 2701 1025 2750 ‘Still
1036 2703 1061 2751 in
1074 2703 1159 2766 laying
1169 2703 1219 2752 this
1230 2703 1303 2752 down
1314 2703 1365 2752 and

202 2782 223 2817 1.
240 2771 406 2827 doctrinam,
421 2766 544 2831 ‘system'
791 2765 905 2829 deciding
922 2766 942 2813 it
963 2767 976 2814 Ι
994 2782 1035 2815 arn
1052 2776 1097 2817 not
1114 2770 1220 2818 without
1236 2769 1279 2817 the
1298 2768 1365 2832 hope

201 2847 223 2895 3.
241 2838 275 2882 ut
294 2836 439 2893 auderent,
458 2832 569 2894 whereas
587 2832 691 2881 Crassus
712 2832 739 2896 (i.
790 2830 844 2881 that
855 2830 874 2878 it
886 2833 907 2879 is
919 2831 1044 2896 possible,'
1055 2841 1101 2884 etc.

167 2898 228 2963 119)
240 2898 340 2961 regards
351 2913 367 2945 a
378 2898 469 2947 certain
480 2898 591 2961 timidity
603 2913 630 2946 as
641 2897 741 2947 charac-
826 2910 863 2958 13.
881 2902 1086 2954 anteponendi:
1103 2916 1141 2963 cp.
1154 2900 1185 2950 de
1196 2900 1255 2948 Nat.
1267 2901 1299 2949 D.
1311 2896 1328 2947 i.
1340 2914 1364 2963 4.

165 2965 260 3014 teristic
270 2963 300 3012 of
307 2962 349 3011 the
359 2970 412 3011 true
424 2971 515 3012 orator.
543 2962 606 3011 This
619 2971 741 3012 construc-
792 2963 814 3010 8.
829 2977 879 3025 quo
895 2963 921 3010 in
937 2978 1025 3026 genere
1042 2971 1137 3013 tantum
1153 2965 1285 3028 profecisse
1300 2964 1365 3013 vide-

165 3031 220 3079 tion
231 3028 292 3078 with
308 3026 415 3077 ‘doceo'
427 3029 449 3077 is
465 3045 482 3076 a
497 3043 551 3077 rare
568 3043 622 3085 one,
640 3029 684 3077 bnt
701 3043 741 3091 cp.
791 3042 845 3076 mur
865 3035 892 3075 ut
909 3043 925 3076 a
946 3028 1048 3078 Graecis
1066 3046 1098 3079 ne
1115 3032 1245 3080 verborum
1265 3029 1365 3094 quidem

166 3095 192 3145 ii.
214 3092 270 3158 196,
287 3093 318 3142 de
335 3093 396 3157 leg.
413 3093 430 3141 i.
448 3094 479 3156 58
500 3093 561 3142 with
580 3093 613 3141 du
631 3092 742 3142 Mesnil⁸s
792 3092 1044 3156 copiavinceremur.'
1076 3095 1111 3145 So
1122 3097 1148 3144 in
1159 3096 1190 3144 de
1202 3097 1257 3145 Fin.
1268 3095 1285 3144 i.
1297 3109 1321 3158 4
1335 3108 1366 3144 10

165 3166 231 3209 note.
266 3159 313 3207 We
330 3158 419 3207 should
436 3159 499 3207 have
516 3158 634 3222 expected
653 3175 669 3207 a
688 3174 742 3222 per·
792 3157 842 3205 und
852 3157 991 3206 elsewhere.

166 3225 238 3275 sonal
249 3223 329 3286 object
342 3225 489 3288 expressed:
506 3225 525 3273 it
537 3239 595 3286 may
604 3223 667 3272 have
679 3223 741 3273 been
827 3235 864 3285 14.
883 3237 993 3283 genere,
1007 3225 1121 3288 ‘general
1133 3224 1275 3275 character!

165 3293 223 3341 lost.
824 3291 925 3347 colore,
956 3292 969 3347 §
1003 3303 1058 3353 199,
1094 3290 1227 3354 ‘sangnine
1265 3290 1367 3341 diffusus

201 3357 223 3405 8.
241 3357 376 3413 perpoliri
395 3370 493 3412 posse:
524 3355 544 3404 it
566 3355 588 3403 is
607 3353 742 3418 extremely
792 3351 879 3411 color‚'
890 3353 971 3403 where
989 3352 1136 3418 ‘sangnine'
1150 3371 1235 3404 means
1245 3356 1288 3405 the
1299 3371 1367 3405 same

167 3420 281 3470 doubtful
292 3420 402 3470 whether
418 3420 506 3469 Cicero
517 3420 601 3468 would
613 3435 669 3469 ever
679 3420 741 3468 have
792 3419 864 3482 thing
882 3434 909 3467 as
927 3434 1009 3469 sunus
1029 3420 1092 3469 here.
1126 3421 1156 3468 In
1176 3423 1202 3468 ii.
1217 3433 1248 3483 93
1265 3427 1367 3470 ‘omnes

166 3486 227 3536 used
239 3500 254 3532 a
265 3501 326 3550 pres.
338 3486 381 3536 inf.
393 3487 456 3535 after
465 3486 562 3548 despero
569 3484 630 3534 with
639 3500 654 3534 a
663 3485 742 3533 future
792 3485 868 3533 etiam
879 3491 931 3532 tum
940 3485 1076 3534 retinebant
1086 3485 1158 3533 illum
1166 3484 1255 3534 Pericli
1263 3484 1366 3546 sucum,’

167 3549 332 3616 significance.
367 3551 421 3600 Pid.
439 3557 526 3615 quotes
542 3552 575 3600 ad
593 3551 701 3600 Herenn.
716 3550 741 3598 ii.
792 3550 835 3598 the
847 3550 915 3626 word
932 3550 953 3598 is
971 3549 1025 3598 also
1041 3550 1180 3615 equivalent
1196 3557 1224 3599 to
1236 3549 1366 3614 ‘sanguia'

167 3616 397 3746 {tristius}
408 3616 742 3730 1111111111ῐῖ
792 3615 1368 3746 ll.lallillttlltltthltfi.{ht

167 3747 218 3796 late
229 3750 236 3774 ‘
246 3747 278 3795 he
289 3747 371 3812 hoped
388 3745 443 3795 that
452 3747 486 3809 by
495 3746 535 3795 his
546 3744 652 3809 enemy’s
667 3745 743 3795 death
793 3743 825 3807 36
837 3748 923 3795 ‘sucus
934 3746 978 3795 ille
986 3755 1010 3796 et
1022 3749 1122 3810 sangnis
1128 3747 1283 3831 incorruptus
1290 3761 1367 3810 usque

167 3813 199 3861 he
219 3827 271 3860 was
290 3813 404 3875 securing
419 3812 460 3860 his
479 3828 536 3861 own
559 3808 664 3874 safety’:
693 3810 743 3859 and
793 3812 825 3858 ad
842 3809 907 3858 hanc
922 3818 1028 3860 aetatem
1042 3819 1166 3861 oratorum
1179 3813 1225 3861 fnit
1247 3812 1302 3861 :ad
1312 3812 1366 3861 Att.

167 3877 252 3927 Plane.
270 3876 296 3925 in
313 3877 346 3926 ad
361 3877 431 3925 Fam.
445 3893 469 3924 x.
485 3891 523 3940 24.
535 3891 549 3938 3
569 3876 652 3941 ‘quod
663 3876 742 3925 consi·
793 3877 824 3924 iv.
836 3877 874 3924 18.
887 3889 898 3922 1
911 3878 1070 3926 ‘amisimus.
1083 3913 1090 3926 .
1102 3913 1108 3926 .
1121 3892 1218 3926 omnem
1230 3893 1280 3925 non
1291 3877 1368 3925 modo

167 3942 230 3991 lium
254 3949 367 3991 nostrum
391 3959 407 3991 a
431 3943 503 3990 vobis
526 3943 626 4005 probari
653 3940 743 4005 spero,'
793 3956 877 3990 sucum
895 3957 924 3990 ac
940 3944 1092 4005 sanguinem,
1106 3942 1149 3991 sed
1166 3943 1241 3990 etiam
1258 3941 1368 3991 colorem

168 4008 250 4057 where
309 4007 334 4055 in
345 4024 383 4056 we
394 4023 452 4070 may
461 4023 504 4071 say
517 4006 622 4093 ‘Ihope
633 4006 687 4055 that
698 4021 744 4055 our
793 4021 824 4054 ac
834 4007 941 4071 speciem
957 4007 1075 4070 pristinae
1091 4005 1225 4056 civitatis':
1244 4007 1301 4056 here
1312 4006 1370 4056 itis

168 4073 259 4138 planis
285 4072 523 4137 ndingfavourwith
531 4088 588 4136 you.
628 4071 744 4121 Schmalz
793 4081 837 4120 not
848 4087 876 4120 so
888 4071 961 4120 much
973 4071 1015 4120 the
1028 4087 1114 4121 source
1126 4072 1155 4120 of
1165 4071 1369 4136 strengthasthe

170 4142 183 4198 ς
198 4136 253 4198 116,
266 4145 324 4187 note
340 4154 357 4201 4
373 4153 451 4187 seems
465 4145 492 4186 to
509 4139 540 4187 be
557 4137 624 4202 quite
636 4137 703 4202 right
717 4137 744 4184 in
793 4136 921 4201 generally
927 4137 1140 4186 diflusedelement
1148 4137 1255 4186 whichis
1262 4135 1370 4200 thought

168 4203 256 4267 saying
271 4203 327 4252 that
343 4210 412 4267 spero
428 4203 488 4252 with
504 4204 546 4252 the
563 4218 626 4268 pres.
643 4203 686 4251 inf.
703 4202 744 4251 de·
794 4202 824 4250 of
831 4217 837 4251 :
863 4217 900 4250 we
920 4202 1008 4250 should
1028 4204 1054 4250 in
1074 4202 1123 4251 this
1142 4217 1197 4251 case
1215 4202 1311 4266 change
1327 4201 1370 4251 the

169 4275 240 4318 notes
250 4285 266 4318 1
276 4269 344 4333 hope
353 4269 406 4318 that
419 4285 449 4317 an
461 4268 550 4329 action,
563 4266 593 4316 os
604 4267 684 4316 which
698 4282 744 4316 one
793 4267 924 4330 metaphor
934 4266 982 4315 and
994 4284 1038 4331 say
1049 4265 1134 4316 ‘tone'
1144 4265 1369 4332 or‘complexion.’

169 4334 215 4382 has
233 4349 261 4383 as
283 4341 323 4397 yet
345 4349 379 4383 no
399 4333 555 4397 knowledge,
576 4333 622 4381 has
643 4332 745 4396 already
829 4344 866 4394 15.
884 4336 1005 4388 erudita,
1018 4329 1169 4382 ‘educated'

168 4400 251 4463 begun
269 4398 318 4447 and
340 4399 393 4448 still
414 4399 549 4448 continues.
582 4399 631 4447 But
652 4398 701 4447 this
722 4399 744 4446 is
826 4400 961 4457 liberalis,
975 4394 1173 4461 ‘gentlemanly.’

168 4472 215 4514 not
225 4465 268 4514 the
278 4464 345 4514 soree
356 4465 422 4526 here,
435 4465 485 4513 and
495 4471 522 4513 to
533 4463 660 4514 introduce
668 4471 744 4528 posse,
828 4462 867 4512 16.
879 4468 912 4512 111
919 4461 1371 4528 sensus,etc.‘thatitshouldexpress

739 4560 798 4611 Ea
