3046 5040
145 392 148 397 ι
187 329 249 378 120

532 315 581 381 M.
607 315 750 377 YULLI
769 315 1025 379 CICERONIS

119 499 171 550 aot
188 482 250 546 Est
264 482 364 548 etiam
382 484 532 568 gradatio
548 487 713 568 quaedam
733 495 767 550 et
787 486 957 551 conversio
976 496 1010 550 et
1031 488 1208 550 verborum
1224 487 1387 552 concinna

185 588 401 669 transgressio
422 599 455 652 et
475 590 672 654 contrarium
695 599 729 653 et
751 590 950 654 dissolutum
974 600 1008 655 et
1030 589 1207 655 declinatio
1226 601 1261 654 et
1277 611 1386 674 repre·

186 765 298 825 efficitur,
322 766 357 814 uti
380 766 428 815 hoc
453 773 676 832 est-nequaquam
698 768 759 816 mihi

187 830 255 879 dives
272 839 315 890 est,
336 832 449 894 quamvis
467 831 547 881 multa
564 833 697 897 possideat,
717 833 760 897 qui

186 911 265 960 neque
275 895 347 944 linem
356 896 431 945 habet
440 897 562 961 cupiendi,
570 913 648 961 neque
658 899 760 946 modum

186 962 271 1010 statuit
279 961 369 1011 utendi.
390 963 458 1010 Nam
466 971 490 1012 et
498 963 605 1012 multum
614 964 761 1024 desiderare,

187 1027 283 1089 egentis
294 1033 330 1074 est
341 1027 450 1090 signnm:
467 1036 492 1077 et
503 1028 565 1076 nihil
577 1044 684 1092 paruere,
694 1043 761 1091 eges·

187 1092 247 1140 tatis
263 1099 300 1140 est
316 1090 429 1142 initium!
461 1093 516 1142 The
533 1098 596 1142 term
612 1095 638 1141 in
654 1094 687 1143 ad
699 1094 760 1142 Her.

188 1156 219 1206 iv.
234 1165 263 1219 ²7
276 1157 297 1204 is
307 1164 413 1221 compar,
426 1159 510 1222 ‘quod
521 1159 595 1207 habet
606 1159 631 1206 in
645 1173 671 1208 se
684 1174 761 1207 mern·

189 1222 234 1270 bra
252 1223 387 1272 orationis.
403 1239 499 1287 ..quae
521 1230 632 1274 constent
655 1240 685 1271 ex
707 1225 761 1287 pari

189 1287 238 1336 fere
248 1303 350 1336 numero
366 1288 544 1351 syllabarum':
561 1305 600 1353 cp.
612 1290 654 1337 the
666 1295 762 1338 context

188 1353 262 1402 there.
307 1352 370 1402 This
395 1353 416 1401 is
438 1353 570 1417 especially
592 1369 708 1403 common
737 1355 761 1403 in

189 1418 316 1467 Isocrates.
351 1418 397 1482 Cp.
408 1418 476 1468 Orat.
492 1418 537 1481 164
549 1422 623 1482 ‘quae
632 1421 683 1468 sive
692 1435 763 1468 casus

189 1482 281 1532 habent
292 1482 318 1531 in
330 1483 396 1532 exitu
408 1484 504 1543 similis,
516 1485 567 1533 sive
578 1485 679 1548 paribus
693 1485 763 1548 paria

190 1547 332 1607 redduntur,
368 1550 418 1598 sive
449 1557 604 1613 opponuntur
632 1550 762 1609 contraria,

119 1645 122 1650 -
190 1621 275 1676 suapte
303 1620 389 1662 natura
416 1630 546 1664 numerosa
575 1623 637 1676 sunt,
664 1616 763 1664 etiamsi

189 1678 252 1727 nihil
264 1685 301 1726 est
312 1679 404 1728 iactum
415 1680 446 1728 de
458 1679 593 1728 industria!

223 1750 380 1801 quaesunt
400 1749 475 1793 inter
493 1761 522 1794 sa
544 1749 665 1795 similia:
695 1760 763 1794 some

191 1808 350 1858 rhetoricians
369 1815 431 1858 treat
451 1810 492 1859 the
512 1810 611 1872 πάρισον
630 1826 657 1858 as
677 1827 692 1859 a
714 1811 764 1859 less

191 1875 284 1937 precise
301 1872 427 1935 ἰσόκωλον,
445 1891 465 1924 e.
471 1891 494 1939 g.
512 1876 596 1939 Aquil.
612 1876 685 1926 Rom
706 1881 765 1938 §24

192 1947 198 1965 ⁴
207 1940 314 2002 parison,
324 1955 402 2005 prope
411 1949 550 2004 aequatum.
579 1942 670 1989 Differt
681 1951 763 1990 autem

191 2005 764 2071 asuperiore[isocol0n]quodibimembrorum

191 2071 267 2118 verba
288 2071 357 2133 paria
380 2078 435 2119 sunt
454 2087 571 2120 numero:
591 2071 633 2121 hic
655 2088 705 2120 uno
725 2071 764 2120 vel

192 2135 271 2183 altero
287 2134 382 2195 addito,
400 2144 442 2184 aut
460 2136 485 2184 in
501 2137 625 2200 superiore
641 2137 764 2196 membro,

192 2207 234 2248 aut
246 2200 271 2247 in
284 2207 409 2264 postremo
420 2202 511 2265 pariter
521 2201 665 2252 excurrunt'
687 2203 764 2265 Quin·

192 2265 264 2314 tilian
282 2280 336 2313 uses
352 2265 452 2328 πάρισον
465 2268 507 2329 (irc
521 2282 543 2328 3,
558 2267 599 2331 76)
613 2267 636 2315 in
653 2283 669 2316 a
686 2283 764 2316 some·

192 2330 260 2378 what
279 2330 390 2379 different
411 2347 488 2392 sense,
514 2333 641 2396 ‘quotiens
662 2333 765 2382 verbum

193 2395 270 2443 verbo
287 2403 329 2444 ant
345 2412 395 2445 non
412 2398 531 2446 dissimile
547 2397 621 2446 valde
632 2399 764 2460 quaeritur,

194 2467 221 2510 ut
231 2465 396 2525 “puppesque
404 2471 460 2511 tuae
469 2465 593 2528 pubesque
602 2462 734 2512 tuorum’'.
744 2498 765 2511 ..
785 2460 788 2464 ’

193 2534 236 2574 aut
253 2537 316 2577 certe
333 2536 418 2591 paret
434 2528 549 2577 extremis
564 2527 666 2591 syllabis
680 2543 766 2578 conso-

193 2608 255 2640 nans
265 2596 381 2640 r—“non
396 2594 476 2642 verbis
490 2594 533 2642 sed
550 2592 649 2653 armis,”
665 2594 714 2643 hoc
731 2600 767 2642 est

194 2657 303 2719 πάρισον,
312 2664 340 2705 ut
351 2658 475 2722 plerisque
487 2659 588 2722 placuit.
622 2659 694 2707 Theo
702 2658 766 2708 Stoi·

194 2739 237 2773 cus
249 2720 349 2782 πάρισον
360 2724 493 2783 existimat,
505 2725 572 2789 quod
584 2725 614 2773 sit
626 2741 639 2773 e
650 2724 767 2773 membris

195 2803 244 2835 non
260 2787 439 2838 dissimilibus.'
472 2791 517 2839 Dr.
535 2789 630 2852 Sandys
647 2806 679 2839 on
697 2790 766 2840 Orat.

198 2853 243 2915 165
257 2868 311 2901 uses
322 2853 363 2902 the
372 2854 440 2902 word
453 2855 477 2903 in
490 2853 597 2903 Theon’s
609 2870 693 2904 sense:
712 2854 767 2904 Pid.

195 2919 245 2966 and
257 2918 333 2966 Sorof
341 2919 397 2968 here
409 2921 433 2967 in
446 2919 610 2982 Quintilian's.
634 2921 681 2985 Cp.
690 2919 768 2969 Volk-

195 2999 278 3042 mann,
290 2999 314 3046 p.
326 2984 382 3043 482.

232 3061 253 3095 1.
270 3052 414 3105 gradatio:
431 3049 463 3098 ad
481 3049 542 3099 Her.
564 3049 595 3097 iv.
615 3063 647 3114 34
663 3053 713 3113 ‘gr
732 3060 769 3099 est

196 3113 222 3161 in
242 3128 291 3177 qua
308 3129 358 3161 non
374 3122 430 3163 ante
450 3115 482 3163 ad
502 3130 652 3179 consequens
668 3117 769 3164 verbum

198 3179 352 3228 descenditur
361 3195 435 3244 quam
443 3181 476 3229 ad
488 3181 599 3244 superius
610 3197 769 3230 conscensum

197 3243 261 3293 est':
280 3245 364 3307 Quint.
381 3247 412 3293 ira
426 3258 449 3305 3,
462 3246 519 3308 54f.
535 3250 586 3309 ‘gr.
603 3262 665 3311 quae
681 3247 770 3295 dieitur

195 3309 283 3371 κλΐμαξ
300 3311 447 3373 apertiorem
464 3311 540 3360 habet
558 3318 634 3360 artem
650 3320 674 3361 et
691 3313 771 3375 magis

196 3375 345 3434 affectatam,
373 3376 479 3440 ideoque
506 3377 584 3426 rarior
611 3393 663 3426 esse
689 3377 769 3426 debet.

197 3442 241 3489 Est
252 3451 335 3489 autem
346 3442 400 3505 ipsa
407 3456 505 3506 quoque
514 3443 670 3491 adiectionis:
682 3443 770 3506 repetit

196 3507 262 3556 enim
281 3521 343 3570 quae
362 3508 429 3555 dicta
448 3514 503 3555 suut
521 3516 546 3556 et
563 3509 630 3570 prins
647 3523 721 3571 quam
738 3507 770 3555 ad

197 3572 266 3621 aliud
276 3572 416 3627 descendat,
428 3573 453 3620 in
463 3573 586 3636 prioribus
596 3572 701 3621 resistit’
729 3572 770 3621 He

198 3638 256 3685 rhen
268 3645 355 3701 quotes
367 3653 393 3686 as
405 3653 436 3686 au
445 3638 553 3687 instance
565 3654 580 3686 a
591 3638 665 3686 Latin
674 3639 770 3686 version

198 3703 227 3751 of
247 3703 320 3751 Dem.
344 3702 375 3752 de
398 3704 456 3752 Cor.
478 3706 491 3761 ἐ
512 3714 558 3766 179
578 3703 621 3751 οὐκ
642 3700 709 3750 εἶπον
725 3701 771 3763 piu

198 3767 282 3828 ταῦτα,
303 3767 346 3814 οὒκ
366 3765 459 3830 ἔγραψα
478 3767 510 3822 δέ,
530 3767 579 3816 οὐδ’
600 3767 693 3832 ἔγραψα
714 3767 767 3829 μέν,

199 3835 243 3882 οὐκ
260 3831 413 3896 ἐπρέσβευσα
430 3833 462 3889 δέ,
480 3832 530 3881 οὐδ’
547 3832 700 3896 ἐπρέσβευσα
719 3832 772 3893 μέν,

199 3899 243 3947 οὐκ
252 3897 334 3948 ἔπεισα
343 3898 368 3945 δὲ
378 3897 434 3946 τοὺς
444 3898 568 3961 Θηβαίους,
577 3900 672 3963 adding
679 3899 772 3948 further

201 3964 334 4012 ‘Africano
351 3964 463 4013 virtutem
480 3965 606 4024 industria,
618 3966 694 4013 virtus
704 3965 771 4027 glor-

199 4032 258 4088 iam,
270 4029 352 4092 gloria
363 4029 475 4079 aemulos
485 4028 654 4094 comparavit.¹
686 4030 770 4093 Aquil.

200 4096 275 4144 Rom.
292 4094 405 4158 explains
421 4096 462 4144 the
479 4112 551 4144 name
570 4097 594 4159 (ὁ
608 4095 651 4159 40)
670 4097 772 4155 ’κλῖμαξ

201 4161 267 4225 quod
285 4159 374 4209 Graeci
391 4169 488 4221 vocant,
504 4176 616 4209 ascensus
632 4160 773 4209 nominetur

200 4243 216 4275 a
236 4226 316 4274 nobis.
360 4226 431 4274 Malo
453 4226 519 4274 euim
543 4242 669 4275 ascensum
698 4241 772 4290 qnam

199 4291 290 4339 scalam
307 4299 331 4339 et
344 4291 493 4353 gradiculos,
510 4298 539 4340 ut
555 4292 664 4356 quidam,
675 4287 772 4340 dicere!

201 4357 237 4406 0r
252 4371 336 4405 course
354 4359 373 4405 it
389 4357 448 4406 does
462 4364 507 4405 not
518 4357 666 4420 correspond
678 4355 771 4419 closely

200 4429 227 4471 to
239 4437 283 4470 our
296 4421 418 4472 ‘elimare’
453 4423 522 4471 Orat.
539 4437 583 4486 155
598 4426 669 4472 ‘cnm
681 4421 772 4487 grada-

809 768 856 817 tim
884 783 979 816 snrsum
1001 783 1084 817 versus
1110 765 1232 832 [red]itur'
1255 767 1386 833 (Sandys).

810 834 858 897 Cp.
873 832 1024 893 Volkmann,
1037 849 1062 897 p.
1074 843 1130 895 474.

846 911 866 945 1.
884 902 1039 956 conversio,
1060 899 1102 948 the
1122 901 1282 948 commutatio
1304 900 1335 948 of
1353 899 1386 947 ad

812 963 873 1012 Her.
885 966 917 1012 iv.
931 976 962 1026 39
976 966 1047 1013 ‘cnm
1063 963 1126 1012 dnae
1138 965 1274 1014 sententiae
1285 964 1351 1014 inter
1361 978 1387 1012 se

811 1028 977 1092 discrepantes
995 1045 1026 1077 ex
1043 1029 1185 1078 traiectione
1205 1035 1240 1078 ita
1257 1029 1389 1079 efferuntur

812 1102 840 1142 ut
850 1109 866 1141 a
875 1095 956 1157 priore
967 1094 1089 1158 posterior
1100 1095 1222 1143 contraria
1237 1095 1314 1158 priori
1330 1110 1387 1159 pro·

812 1158 951 1219 ficiscatnr,’
963 1175 1014 1233 eg.
1026 1164 1136 1222 ‘oportet
1146 1175 1198 1208 esse
1209 1167 1236 1208 nt
1248 1160 1326 1220 vivas,
1338 1174 1389 1208 non

812 1226 892 1272 vivere
910 1231 938 1272 nt
954 1222 1028 1273 edas’
1046 1240 1074 1272 or
1092 1227 1197 1288 ‘poema
1213 1225 1319 1289 loquens
1335 1225 1388 1289 pic-

811 1296 875 1349 tura,
892 1291 987 1353 pictura
1003 1291 1106 1339 tacitum
1122 1305 1212 1353 poema
1227 1305 1280 1339 ease
1297 1287 1388 1339 debet.¹

813 1355 837 1403 lt
853 1354 875 1402 is
890 1354 1016 1418 variously
1033 1355 1114 1404 called
1128 1355 1153 1402 in
1168 1355 1250 1404 Greek
1261 1355 1390 1415 ἀντιμετα-

812 1417 885 1479 βολή,
901 1418 1035 1478 μετάθεσις,
1051 1418 1193 1481 ἀναστροφή
1210 1436 1239 1469 or
1256 1419 1389 1484 σύγκρισις,

814 1484 968 1544 Volkmann,
979 1501 1004 1548 p.
1017 1486 1072 1547 488.

845 1555 998 1599 verborum
1025 1555 1164 1599 concinna
1191 1554 1389 1612 transmeatio,

813 1631 845 1663 an
863 1616 985 1664 inversion
1002 1615 1115 1679 required
1130 1616 1168 1664 for
1177 1616 1221 1665 the
1232 1617 1390 1665 smoothness

789 1737 792 1740 ⁴
814 1681 842 1729 ol
856 1680 897 1729 ὼε
908 1681 1019 1745 perindie
1033 1689 1166 1730 structure:
1184 1681 1217 1729 ad
1232 1681 1295 1730 Her.
1311 1683 1344 1731 iv.
1357 1697 1391 1744 44

815 1749 858 1794 ‘tr.
872 1755 908 1794 est
919 1761 983 1810 qnae
994 1747 1123 1794 verborum
1140 1747 1266 1810 perturbat
1277 1747 1390 1796 ordinem

814 1812 970 1875 perversione
981 1819 1023 1860 aut
1037 1811 1187 1860 traiectione.
1222 1813 1389 1870 Perversione,

814 1877 865 1926 sic:
884 1876 943 1924 Hoc
954 1877 1025 1924 vobis
1040 1877 1101 1925 deos
1115 1877 1269 1926 immortales
1283 1878 1391 1926 arbitror

814 1941 910 1990 dedisse
928 1942 1015 1990 virtute
1035 1957 1081 2006 pro
1100 1950 1187 1991 vestra.
1223 1941 1390 2002 Traiectione,

814 2006 863 2055 hoc
875 2006 962 2056 modo:
981 2007 1106 2056 instabilis
1122 2008 1147 2055 in
1161 2008 1237 2055 istum
1252 2007 1389 2072 plurimum

814 2072 913 2120 fortuna
941 2071 1029 2121 valuit.
1081 2072 1234 2120 Huiusmodi
1267 2073 1389 2132 traiectio,

815 2152 877 2200 quae
893 2152 945 2185 rem
962 2152 1012 2185 non
1029 2137 1109 2186 reddit
1125 2138 1266 2198 obscuram,
1283 2138 1391 2186 multum

816 2202 926 2266 proderit
945 2202 977 2250 ad
995 2202 1207 2252 continuationes'
1230 2205 1281 2268 (cp.
1303 2207 1316 2261 5
1339 2202 1392 2264 27).

816 2267 920 2331 Quintil.
929 2268 979 2315 viii.
988 2267 1012 2328 6,
1025 2267 1056 2316 62
1071 2267 1233 2332 ‘hyperbaton
1244 2284 1352 2333 quoque,
1364 2268 1391 2316 id

815 2341 852 2383 est
869 2333 938 2381 verbi
958 2335 1180 2397 transgressionem,
1202 2334 1321 2397 qnoniam
1344 2334 1391 2382 fre-

816 2406 919 2463 quenter
932 2398 996 2446 ratio
1012 2397 1199 2462 compositionis
1210 2407 1234 2447 et
1249 2400 1324 2447 decor
1335 2415 1391 2463 pos·

817 2466 860 2522 cit,
872 2479 922 2511 nou
934 2464 1057 2512 immerito
1069 2465 1131 2512 inter
1139 2464 1243 2512 virtutes
1253 2462 1390 2513 habemus'

816 2528 898 2576 There
917 2528 939 2576 is
955 2544 971 2576 a
987 2528 1056 2592 large
1073 2528 1205 2578 collection
1222 2528 1252 2576 of
1265 2528 1392 2593 examples

816 2595 842 2642 in
860 2593 971 2651 Kiihner,
987 2593 1042 2642 Lat.
1060 2595 1103 2642 Gr.
1116 2594 1141 2641 ii.
1157 2603 1218 2656 1077
1231 2592 1257 2643 ff.
1293 2594 1361 2642 That
1377 2610 1392 2642 a

817 2657 967 2722 hyperbaton
987 2659 1081 2707 needed
1104 2667 1131 2708 to
1153 2659 1184 2707 be
1205 2657 1351 2708 ‘concinna’
1371 2660 1392 2708 is

817 2724 916 2772 evident
927 2724 990 2772 from
1003 2722 1095 2787 Pliny's
1107 2724 1218 2788 apology
1229 2725 1255 2772 in
1271 2724 1311 2773 his
1322 2724 1393 2773 letter

818 2796 844 2838 to
857 2789 957 2838 Tacitus
971 2788 1033 2852 (viii.
1047 2790 1080 2852 7).

854 2868 874 2903 a.
892 2853 1231 2915 contrat-tumimidum,
1245 2871 1283 2918 cp.
1296 2854 1393 2918 Sandys

819 2935 851 2968 on
874 2919 943 2968 Orat.
967 2922 1005 2981 38,
1032 2932 1078 2984 135
1101 2923 1175 2969 ‘curn
1196 2928 1253 2969 sunt
1272 2922 1394 2970 conuana

819 2985 898 3034 relata
917 2984 1060 3046 contrariis,’
1083 2985 1129 3045 164
1148 2986 1212 3034 ‘sive
1234 2992 1394 3049 opponuntur

820 3048 962 3099 contrariis)
996 3051 1059 3099 This
1075 3051 1096 3099 is
1112 3051 1179 3099 what
1195 3050 1216 3099 is
1227 3050 1355 3100 described
1367 3052 1393 3099 in

820 3116 853 3163 ad
866 3115 926 3164 Her.
940 3116 971 3164 iv.
985 3129 1012 3163 21
1026 3117 1104 3165 under
1119 3116 1160 3165 the
1170 3132 1243 3165 name
1255 3115 1284 3165 of
1297 3121 1393 3165 conten·

819 3181 872 3229 tio:
902 3181 1042 3230 ‘contentio
1066 3188 1110 3240 est,
1135 3197 1191 3230 cum
1213 3197 1242 3230 ex
1265 3181 1394 3230 contrariis

820 3247 892 3294 rebus
909 3247 988 3294 oratio
1002 3245 1137 3306 conficitur,
1149 3246 1198 3295 hoc
1212 3253 1316 3310 pacior.
1330 3283 1336 3296 .
1349 3283 1355 3296 .
1368 3247 1393 3294 in

820 3312 873 3360 otio
890 3311 1062 3370 tumultuaris;
1081 3313 1107 3359 in
1123 3311 1231 3360 tumultu
1244 3327 1271 3360 es
1287 3313 1394 3370 otiosus;

820 3377 846 3424 in
863 3392 889 3425 re
905 3377 1063 3440 frigidissima
1082 3377 1156 3433 cales,
1174 3377 1199 3425 in
1216 3375 1394 3425 ferventissima

821 3441 910 3504 friges:
927 3445 1003 3491 tacito
1015 3458 1070 3490 cum
1082 3457 1145 3506 opus
1159 3449 1204 3499 est,
1215 3441 1326 3503 clamas;
1337 3457 1393 3490 cum

820 3508 866 3556 tibi
878 3506 947 3570 loqui
963 3509 1077 3556 convenit
1090 3504 1252 3556 obmutescis'
1264 3515 1309 3556 etc.
1339 3508 1394 3556 The

820 3580 919 3621 context
927 3572 985 3621 here
996 3572 1141 3634 sufficiently
1150 3573 1231 3620 shows
1242 3572 1295 3622 that
1307 3572 1361 3622 Pid.
1373 3572 1395 3620 is

821 3653 907 3701 wrong
924 3639 948 3685 in
966 3639 1069 3701 quoting
1085 3638 1135 3686 aud
1152 3636 1226 3686 Sorof
1239 3636 1266 3684 in
1277 3637 1394 3700 referring

822 3710 849 3750 to
860 3703 892 3750 iv.
906 3717 946 3766 25,
958 3704 1039 3751 where
1054 3702 1095 3750 the
1111 3701 1199 3750 author
1215 3717 1271 3765 says
1283 3706 1394 3752 ‘contra-

821 3768 885 3816 rium
902 3777 938 3817 est
956 3769 1022 3831 quod
1043 3783 1073 3815 ex
1090 3768 1192 3816 diversis
1208 3769 1280 3817 rebus
1299 3768 1395 3816 duabus

821 3833 924 3882 alteram
935 3833 1011 3882 altera
1019 3833 1124 3882 breviter
1132 3840 1156 3881 et
1165 3832 1237 3882 facile
1247 3830 1395 3892 confirmat,'

821 3907 866 3947 etc.
901 3898 963 3946 This
979 3899 1002 3946 is
1017 3907 1062 3947 not
1077 3913 1093 3944 a
1106 3897 1184 3961 figure
1198 3898 1227 3947 of
1239 3897 1339 3961 speech,
1350 3898 1396 3946 bnt

821 3979 853 4011 an
870 3964 1026 4026 enthymeme
1044 3963 1092 4026 (cp.
1111 3963 1262 4020 Volkmann,
1280 3978 1304 4025 p.
1326 3963 1394 4026 194),

821 4029 871 4077 and
888 4030 929 4077 the
946 4030 1121 4078 incorrectness
1140 4028 1170 4076 of
1183 4028 1223 4076 the
1242 4027 1311 4090 gloss
1327 4029 1395 4077 there

823 4095 984 4143 ‘contrarium
995 4093 1062 4142 idem
1073 4093 1122 4144 fere
1133 4101 1167 4141 est
1176 4092 1242 4156 quod
1251 4091 1395 4153 contentio,¹

822 4159 867 4207 has
890 4160 951 4207 been
974 4159 1118 4222 recognised
1140 4159 1172 4220 by
1193 4164 1275 4206 recent
1295 4158 1396 4207 editors.

822 4225 959 4273 Antithesis
976 4225 997 4274 is
1014 4224 1071 4272 well
1085 4223 1176 4272 treated
1192 4221 1253 4271 with
1264 4238 1398 4273 numerous

822 4306 876 4339 exx.
890 4291 920 4353 by
933 4290 1083 4348 Volkmann,
1096 4304 1137 4352 pp.
1150 4289 1196 4350 485
1205 4287 1221 4337 f.
1256 4289 1397 4351 Quintilian

822 4356 884 4404 calls
907 4358 926 4403 it
948 4355 1156 4418 contrapositum:
1183 4369 1223 4417 cp.
1253 4353 1285 4402 ix.
1310 4367 1334 4415 3,
1365 4355 1394 4401 81

824 4421 1032 4485 ‘contrapositum
1055 4427 1138 4468 autem
1161 4419 1208 4480 vel,
1236 4424 1265 4468 nt
1292 4420 1397 4484 quidam
